
@inproceedings{verwer-aaai22,
  author    = {Dani{\"{e}}l Vos and
               Sicco Verwer},
  title     = {Robust Optimal Classification Trees against Adversarial Examples},
  OPTbooktitle = {Thirty-Sixth {AAAI} Conference on Artificial Intelligence, {AAAI}
               2022, Thirty-Fourth Conference on Innovative Applications of Artificial
               Intelligence, {IAAI} 2022, The Twelveth Symposium on Educational Advances
               in Artificial Intelligence, {EAAI} 2022 Virtual Event, February 22
               - March 1, 2022},
  booktitle = {AAAI},
  pages     = {8520--8528},
  OPTpublisher = {{AAAI} Press},
  year      = {2022},
  OPTurl       = {https://ojs.aaai.org/index.php/AAAI/article/view/20829},
  timestamp = {Mon, 11 Jul 2022 16:09:32 +0200},
  biburl    = {https://dblp.org/rec/conf/aaai/VosV22.bib},
  bibsource = {dblp computer science bibliography, https://dblp.org}
}

@inproceedings{verwer-icml21,
  author    = {Dani{\"{e}}l Vos and
               Sicco Verwer},
  OPTeditor    = {Marina Meila and
               Tong Zhang},
  title     = {Efficient Training of Robust Decision Trees Against Adversarial Examples},
  OPTbooktitle = {Proceedings of the 38th International Conference on Machine Learning,
               {ICML} 2021, 18-24 July 2021, Virtual Event},
  booktitle = {ICML},
  OPTseries    = {Proceedings of Machine Learning Research},
  OPTvolume    = {139},
  pages     = {10586--10595},
  OPTpublisher = {{PMLR}},
  year      = {2021},
  OPTurl       = {http://proceedings.mlr.press/v139/vos21a.html},
  timestamp = {Wed, 25 Aug 2021 17:11:17 +0200},
  biburl    = {https://dblp.org/rec/conf/icml/VosV21.bib},
  bibsource = {dblp computer science bibliography, https://dblp.org}
}

@article{meel-jair22,
  author    = {Bishwamittra Ghosh and
               Dmitry Malioutov and
               Kuldeep S. Meel},
  title     = {Efficient Learning of Interpretable Classification Rules},
  journal   = {J. Artif. Intell. Res.},
  volume    = {74},
  pages     = {1823--1863},
  year      = {2022},
  url       = {https://doi.org/10.1613/jair.1.13482},
  OPTdoi       = {10.1613/jair.1.13482},
  timestamp = {Wed, 14 Sep 2022 17:01:22 +0200},
  biburl    = {https://dblp.org/rec/journals/jair/GhoshMM22.bib},
  bibsource = {dblp computer science bibliography, https://dblp.org}
}

@inproceedings{meel-ecai20,
  author    = {Bishwamittra Ghosh and
               Dmitry Malioutov and
               Kuldeep S. Meel},
  OPTeditor    = {Giuseppe De Giacomo and
               Alejandro Catal{\'{a}} and
               Bistra Dilkina and
               Michela Milano and
               Sen{\'{e}}n Barro and
               Alberto Bugar{\'{\i}}n and
               J{\'{e}}r{\^{o}}me Lang},
  title     = {Classification Rules in Relaxed Logical Form},
  OPTbooktitle = {{ECAI} 2020 - 24th European Conference on Artificial Intelligence,
               29 August-8 September 2020, Santiago de Compostela, Spain, August
               29 - September 8, 2020 - Including 10th Conference on Prestigious
               Applications of Artificial Intelligence {(PAIS} 2020)},
  booktitle = {ECAI},
  OPTseries    = {Frontiers in Artificial Intelligence and Applications},
  OPTvolume    = {325},
  pages     = {2489--2496},
  OPTpublisher = {{IOS} Press},
  year      = {2020},
  OPTurl       = {https://doi.org/10.3233/FAIA200382},
  OPTdoi       = {10.3233/FAIA200382},
  timestamp = {Fri, 09 Apr 2021 18:50:05 +0200},
  biburl    = {https://dblp.org/rec/conf/ecai/GhoshMM20.bib},
  bibsource = {dblp computer science bibliography, https://dblp.org}
}

@inproceedings{meel-aies19,
  author    = {Bishwamittra Ghosh and
               Kuldeep S. Meel},
  OPTeditor    = {Vincent Conitzer and
               Gillian K. Hadfield and
               Shannon Vallor},
  title     = {{IMLI:} An Incremental Framework for MaxSAT-Based Learning of Interpretable
               Classification Rules},
  OPTbooktitle = {Proceedings of the 2019 {AAAI/ACM} Conference on AI, Ethics, and Society,
               {AIES} 2019, Honolulu, HI, USA, January 27-28, 2019},
  booktitle = {AIES},
  pages     = {203--210},
  OPTpublisher = {{ACM}},
  year      = {2019},
  OPTurl       = {https://doi.org/10.1145/3306618.3314283},
  OPTdoi       = {10.1145/3306618.3314283},
  timestamp = {Thu, 11 Jul 2019 09:29:23 +0200},
  biburl    = {https://dblp.org/rec/conf/aies/GhoshM19.bib},
  bibsource = {dblp computer science bibliography, https://dblp.org}
}

@inproceedings{meel-cp18,
  author    = {Dmitry Malioutov and
               Kuldeep S. Meel},
  editor    = {John N. Hooker},
  title     = {{MLIC:} {A} MaxSAT-Based Framework for Learning Interpretable Classification
               Rules},
  OPTbooktitle = {Principles and Practice of Constraint Programming - 24th International
               Conference, {CP} 2018, Lille, France, August 27-31, 2018, Proceedings},
  booktitle = {CP},
  OPTseries    = {Lecture Notes in Computer Science},
  OPTvolume    = {11008},
  pages     = {312--327},
  OPTpublisher = {Springer},
  year      = {2018},
  OPTurl       = {https://doi.org/10.1007/978-3-319-98334-9\_21},
  OPTdoi       = {10.1007/978-3-319-98334-9\_21},
  timestamp = {Tue, 14 May 2019 10:00:45 +0200},
  biburl    = {https://dblp.org/rec/conf/cp/MaliotovM18.bib},
  bibsource = {dblp computer science bibliography, https://dblp.org}
}

@article{ignatiev-jair21,
  author    = {Jinqiang Yu and
               Alexey Ignatiev and
               Peter J. Stuckey and
               Pierre Le Bodic},
  title     = {Learning Optimal Decision Sets and Lists with {SAT}},
  journal   = {J. Artif. Intell. Res.},
  volume    = {72},
  pages     = {1251--1279},
  year      = {2021},
  url       = {https://doi.org/10.1613/jair.1.12719},
  OPTdoi       = {10.1613/jair.1.12719},
  timestamp = {Fri, 25 Feb 2022 16:59:42 +0100},
  biburl    = {https://dblp.org/rec/journals/jair/YuISB21.bib},
  bibsource = {dblp computer science bibliography, https://dblp.org}
}

@inproceedings{ilsms-aaai21,
  author    = {Alexey Ignatiev and
               Edward Lam and
               Peter J. Stuckey and
               Joao Marques{-}Silva},
  title     = {A Scalable Two Stage Approach to Computing Optimal Decision Sets},
  OPTbooktitle = {Thirty-Fifth {AAAI} Conference on Artificial Intelligence, {AAAI}
               2021, Thirty-Third Conference on Innovative Applications of Artificial
               Intelligence, {IAAI} 2021, The Eleventh Symposium on Educational Advances
               in Artificial Intelligence, {EAAI} 2021, Virtual Event, February 2-9,
               2021},
  booktitle = {AAAI},
  pages     = {3806--3814},
  OPTpublisher = {{AAAI} Press},
  year      = {2021},
  OPTurl       = {https://ojs.aaai.org/index.php/AAAI/article/view/16498},
  timestamp = {Wed, 02 Jun 2021 18:09:11 +0200},
  biburl    = {https://dblp.org/rec/conf/aaai/Ignatiev0S021.bib},
  bibsource = {dblp computer science bibliography, https://dblp.org}
}

@inproceedings{ignatiev-cp20,
  author    = {Jinqiang Yu and
               Alexey Ignatiev and
               Peter J. Stuckey and
               Pierre Le Bodic},
  OPTeditor    = {Helmut Simonis},
  title     = {Computing Optimal Decision Sets with {SAT}},
  OPTbooktitle = {Principles and Practice of Constraint Programming - 26th International
               Conference, {CP} 2020, Louvain-la-Neuve, Belgium, September 7-11,
               2020, Proceedings},
  booktitle = {CP},
  OPTseries    = {Lecture Notes in Computer Science},
  OPTvolume    = {12333},
  pages     = {952--970},
  OPTpublisher = {Springer},
  year      = {2020},
  OPTurl       = {https://doi.org/10.1007/978-3-030-58475-7\_55},
  OPTdoi       = {10.1007/978-3-030-58475-7\_55},
  timestamp = {Tue, 08 Sep 2020 19:28:09 +0200},
  biburl    = {https://dblp.org/rec/conf/cp/YuISB20.bib},
  bibsource = {dblp computer science bibliography, https://dblp.org}
}

@article{demirovic-jmlr22,
  author    = {Emir Demirovic and
               Anna Lukina and
               Emmanuel Hebrard and
               Jeffrey Chan and
               James Bailey and
               Christopher Leckie and
               Kotagiri Ramamohanarao and
               Peter J. Stuckey},
  title     = {MurTree: Optimal Decision Trees via Dynamic Programming and Search},
  journal   = {J. Mach. Learn. Res.},
  volume    = {23},
  pages     = {26:1--26:47},
  year      = {2022},
  url       = {http://jmlr.org/papers/v23/20-520.html},
  timestamp = {Wed, 16 Feb 2022 17:29:53 +0100},
  biburl    = {https://dblp.org/rec/journals/jmlr/DemirovicLHCBLR22.bib},
  bibsource = {dblp computer science bibliography, https://dblp.org}
}

@article{marquis-corr21a,
  author    = {Gilles Audemard and
               Steve Bellart and
               Louenas Bounia and
               Fr{\'{e}}d{\'{e}}ric Koriche and
               Jean{-}Marie Lagniez and
               Pierre Marquis},
  title     = {On the Explanatory Power of Decision Trees},
  journal   = {CoRR},
  volume    = {abs/2108.05266},
  year      = {2021},
  url       = {https://arxiv.org/abs/2108.05266},
  eprinttype = {arXiv},
  eprint    = {2108.05266},
  timestamp = {Wed, 18 Aug 2021 19:45:42 +0200},
  biburl    = {https://dblp.org/rec/journals/corr/abs-2108-05266.bib},
  bibsource = {dblp computer science bibliography, https://dblp.org}
}

@article{marquis-corr21b,
  author    = {Gilles Audemard and
               Steve Bellart and
               Louenas Bounia and
               Fr{\'{e}}d{\'{e}}ric Koriche and
               Jean{-}Marie Lagniez and
               Pierre Marquis},
  title     = {On the Computational Intelligibility of Boolean Classifiers},
  journal   = {CoRR},
  volume    = {abs/2104.06172},
  year      = {2021},
  url       = {https://arxiv.org/abs/2104.06172},
  eprinttype = {arXiv},
  eprint    = {2104.06172},
  timestamp = {Mon, 19 Apr 2021 16:45:47 +0200},
  biburl    = {https://dblp.org/rec/journals/corr/abs-2104-06172.bib},
  bibsource = {dblp computer science bibliography, https://dblp.org}
}

@inproceedings{mcilraith-cp21,
  author    = {Pouya Shati and
               Eldan Cohen and
               Sheila A. McIlraith},
  OPTeditor    = {Laurent D. Michel},
  title     = {{SAT}-Based Approach for Learning Optimal Decision Trees with Non-Binary
               Features},
  OPTbooktitle = {27th International Conference on Principles and Practice of Constraint
               Programming, {CP} 2021, Montpellier, France (Virtual Conference),
               October 25-29, 2021},
  booktitle = {CP},
  OPTseries    = {LIPIcs},
  OPTvolume    = {210},
  pages     = {50:1--50:16},
  OPTpublisher = {Schloss Dagstuhl - Leibniz-Zentrum f{\"{u}}r Informatik},
  year      = {2021},
  OPTurl       = {https://doi.org/10.4230/LIPIcs.CP.2021.50},
  OPTdoi       = {10.4230/LIPIcs.CP.2021.50},
  timestamp = {Mon, 18 Oct 2021 17:09:01 +0200},
  biburl    = {https://dblp.org/rec/conf/cp/ShatiCM21.bib},
  bibsource = {dblp computer science bibliography, https://dblp.org}
}

@inproceedings{szeider-aaai21a,
  author    = {Andr{\'{e}} Schidler and
               Stefan Szeider},
  title     = {{SAT}-based Decision Tree Learning for Large Data Sets},
  OPTbooktitle = {Thirty-Fifth {AAAI} Conference on Artificial Intelligence, {AAAI}
               2021, Thirty-Third Conference on Innovative Applications of Artificial
               Intelligence, {IAAI} 2021, The Eleventh Symposium on Educational Advances
               in Artificial Intelligence, {EAAI} 2021, Virtual Event, February 2-9,
               2021},
  booktitle = {AAAI},
  pages     = {3904--3912},
  OPTpublisher = {{AAAI} Press},
  year      = {2021},
  OPTurl       = {https://ojs.aaai.org/index.php/AAAI/article/view/16509},
  timestamp = {Wed, 02 Jun 2021 18:09:11 +0200},
  biburl    = {https://dblp.org/rec/conf/aaai/SchidlerS21.bib},
  bibsource = {dblp computer science bibliography, https://dblp.org}
}

@inproceedings{szeider-aaai21b,
  author    = {Sebastian Ordyniak and
               Stefan Szeider},
  title     = {Parameterized Complexity of Small Decision Tree Learning},
  OPTbooktitle = {Thirty-Fifth {AAAI} Conference on Artificial Intelligence, {AAAI}
               2021, Thirty-Third Conference on Innovative Applications of Artificial
               Intelligence, {IAAI} 2021, The Eleventh Symposium on Educational Advances
               in Artificial Intelligence, {EAAI} 2021, Virtual Event, February 2-9,
               2021},
  booktitle = {AAAI},
  pages     = {6454--6462},
  OPTpublisher = {{AAAI} Press},
  year      = {2021},
  OPTurl       = {https://ojs.aaai.org/index.php/AAAI/article/view/16800},
  timestamp = {Wed, 02 Jun 2021 18:09:11 +0200},
  biburl    = {https://dblp.org/rec/conf/aaai/OrdyniakS21.bib},
  bibsource = {dblp computer science bibliography, https://dblp.org}
}

@inproceedings{demirovic-aaai21,
  author    = {Emir Demirovic and
               Peter J. Stuckey},
  title     = {Optimal Decision Trees for Nonlinear Metrics},
  OPTbooktitle = {Thirty-Fifth {AAAI} Conference on Artificial Intelligence, {AAAI}
               2021, Thirty-Third Conference on Innovative Applications of Artificial
               Intelligence, {IAAI} 2021, The Eleventh Symposium on Educational Advances
               in Artificial Intelligence, {EAAI} 2021, Virtual Event, February 2-9,
               2021},
  booktitle = {AAAI},
  pages     = {3733--3741},
  OPTpublisher = {{AAAI} Press},
  year      = {2021},
  OPTurl       = {https://ojs.aaai.org/index.php/AAAI/article/view/16490},
  timestamp = {Wed, 02 Jun 2021 18:09:11 +0200},
  biburl    = {https://dblp.org/rec/conf/aaai/DemirovicS21.bib},
  bibsource = {dblp computer science bibliography, https://dblp.org}
}

@article{islam-acm-tkdd21,
  author    = {Michael J. Siers and
               Md Zahidul Islam},
  title     = {Class Imbalance and Cost-Sensitive Decision Trees: {A} Unified Survey
               Based on a Core Similarity},
  journal   = {{ACM} Trans. Knowl. Discov. Data},
  volume    = {15},
  number    = {1},
  pages     = {4:1--4:31},
  year      = {2021},
  url       = {https://doi.org/10.1145/3415156},
  doi       = {10.1145/3415156},
  timestamp = {Sun, 25 Jul 2021 11:43:08 +0200},
  biburl    = {https://dblp.org/rec/journals/tkdd/SiersI21.bib},
  bibsource = {dblp computer science bibliography, https://dblp.org}
}

@article{demirovic-corr20,
  author    = {Emir Demirovic and
               Anna Lukina and
               Emmanuel Hebrard and
               Jeffrey Chan and
               James Bailey and
               Christopher Leckie and
               Kotagiri Ramamohanarao and
               Peter J. Stuckey},
  title     = {{MurTree}: Optimal Classification Trees via Dynamic Programming and
               Search},
  journal   = {CoRR},
  volume    = {abs/2007.12652},
  year      = {2020},
  url       = {https://arxiv.org/abs/2007.12652},
  eprinttype = {arXiv},
  eprint    = {2007.12652},
  timestamp = {Wed, 29 Jul 2020 15:36:39 +0200},
  biburl    = {https://dblp.org/rec/journals/corr/abs-2007-12652.bib},
  bibsource = {dblp computer science bibliography, https://dblp.org}
}

@inproceedings{schaus-ijcai20a,
  author    = {H{\'{e}}l{\`{e}}ne Verhaeghe and
               Siegfried Nijssen and
               Gilles Pesant and
               Claude{-}Guy Quimper and
               Pierre Schaus},
  OPTeditor    = {Christian Bessiere},
  title     = {Learning Optimal Decision Trees using Constraint Programming (Extended
               Abstract)},
  OPTbooktitle = {Proceedings of the Twenty-Ninth International Joint Conference on
               Artificial Intelligence, {IJCAI} 2020},
  booktitle = {IJCAI},
  pages     = {4765--4769},
  OPTpublisher = {ijcai.org},
  year      = {2020},
  OPTurl       = {https://doi.org/10.24963/ijcai.2020/662},
  OPTdoi       = {10.24963/ijcai.2020/662},
  timestamp = {Mon, 20 Jul 2020 12:38:52 +0200},
  biburl    = {https://dblp.org/rec/conf/ijcai/VerhaegheNPQS20.bib},
  bibsource = {dblp computer science bibliography, https://dblp.org}
}

@inproceedings{schaus-ijcai20b,
  author    = {Ga{\"{e}}l Aglin and
               Siegfried Nijssen and
               Pierre Schaus},
  OPTeditor    = {Christian Bessiere},
  title     = {{PyDL8.5}: a Library for Learning Optimal Decision Trees},
  OPTbooktitle = {Proceedings of the Twenty-Ninth International Joint Conference on
               Artificial Intelligence, {IJCAI} 2020},
  year      = {2020},
  pages     = {5222--5224},
  OPTpublisher = {ijcai.org},
  year      = {2020},
  OPTurl       = {https://doi.org/10.24963/ijcai.2020/750},
  OPTdoi       = {10.24963/ijcai.2020/750},
  timestamp = {Mon, 20 Jul 2020 12:38:52 +0200},
  biburl    = {https://dblp.org/rec/conf/ijcai/AglinNS20.bib},
  bibsource = {dblp computer science bibliography, https://dblp.org}
}

@inproceedings{hebrard-ijcai20,
  author    = {Hao Hu and
               Mohamed Siala and
               Emmanuel Hebrard and
               Marie{-}Jos{\'{e}} Huguet},
  OPTeditor    = {Christian Bessiere},
  title     = {Learning Optimal Decision Trees with {MaxSAT} and its Integration in
               {AdaBoost}},
  OPTbooktitle = {Proceedings of the Twenty-Ninth International Joint Conference on
               Artificial Intelligence, {IJCAI} 2020},
  booktitle = {IJCAI},
  pages     = {1170--1176},
  OPTpublisher = {ijcai.org},
  year      = {2020},
  OPTurl       = {https://doi.org/10.24963/ijcai.2020/163},
  OPTdoi       = {10.24963/ijcai.2020/163},
  timestamp = {Mon, 20 Jul 2020 12:38:52 +0200},
  biburl    = {https://dblp.org/rec/conf/ijcai/Hu0HH20.bib},
  bibsource = {dblp computer science bibliography, https://dblp.org}
}

@inproceedings{janota-sat20,
  author    = {Mikol{\'{a}}s Janota and
               Ant{\'{o}}nio Morgado},
  OPTeditor    = {Luca Pulina and
               Martina Seidl},
  title     = {{SAT}-Based Encodings for Optimal Decision Trees with Explicit Paths},
  OPTbooktitle = {Theory and Applications of Satisfiability Testing - {SAT} 2020 - 23rd
               International Conference, Alghero, Italy, July 3-10, 2020, Proceedings},
  booktitle = {SAT},
  OPTseries    = {Lecture Notes in Computer Science},
  OPTvolume    = {12178},
  pages     = {501--518},
  OPTpublisher = {Springer},
  year      = {2020},
  OPTurl       = {https://doi.org/10.1007/978-3-030-51825-7\_35},
  OPTdoi       = {10.1007/978-3-030-51825-7\_35},
  timestamp = {Thu, 06 Aug 2020 21:49:45 +0200},
  biburl    = {https://dblp.org/rec/conf/sat/JanotaM20.bib},
  bibsource = {dblp computer science bibliography, https://dblp.org}
}

@article{ansotegui-corr21,
  author    = {Josep Alos and Carlos Ansotegui and Eduard Torres},
  title     = {Learning Optimal Decision Trees Using {MaxSAT}},
  journal   = {CoRR},
  volume    = {abs/2110.13854},
  year      = {2021},
  url       = {https://arxiv.org/abs/2110.13854},
  eprinttype = {arXiv},
  eprint    = {2110.13854}
}

@inproceedings{rudin-icml20,
  author    = {Jimmy Lin and
               Chudi Zhong and
               Diane Hu and
               Cynthia Rudin and
               Margo I. Seltzer},
  title     = {Generalized and Scalable Optimal Sparse Decision Trees},
  OPTbooktitle = {Proceedings of the 37th International Conference on Machine Learning,
               {ICML} 2020, 13-18 July 2020, Virtual Event},
  booktitle = {ICML},
  OPTseries    = {Proceedings of Machine Learning Research},
  OPTvolume    = {119},
  pages     = {6150--6160},
  OPTpublisher = {{PMLR}},
  year      = {2020},
  OPTurl       = {http://proceedings.mlr.press/v119/lin20g.html},
  timestamp = {Tue, 15 Dec 2020 17:40:19 +0100},
  biburl    = {https://dblp.org/rec/conf/icml/LinZHRS20.bib},
  bibsource = {dblp computer science bibliography, https://dblp.org}
}

@inproceedings{schaus-aaai20,
  author    = {Ga{\"{e}}l Aglin and
               Siegfried Nijssen and
               Pierre Schaus},
  title     = {Learning Optimal Decision Trees Using Caching Branch-and-Bound Search},
  OPTbooktitle = {The Thirty-Fourth {AAAI} Conference on Artificial Intelligence, {AAAI}
               2020, The Thirty-Second Innovative Applications of Artificial Intelligence
               Conference, {IAAI} 2020, The Tenth {AAAI} Symposium on Educational
               Advances in Artificial Intelligence, {EAAI} 2020, New York, NY, USA,
               February 7-12, 2020},
  booktitle = {AAAI},
  pages     = {3146--3153},
  OPTpublisher = {{AAAI} Press},
  year      = {2020},
  OPTurl       = {https://aaai.org/ojs/index.php/AAAI/article/view/5711},
  timestamp = {Tue, 02 Feb 2021 08:00:48 +0100},
  biburl    = {https://dblp.org/rec/conf/aaai/AglinNS20.bib},
  bibsource = {dblp computer science bibliography, https://dblp.org}
}

@inproceedings{avellaneda-aaai20,
  author    = {Florent Avellaneda},
  title     = {Efficient Inference of Optimal Decision Trees},
  OPTbooktitle = {The Thirty-Fourth {AAAI} Conference on Artificial Intelligence, {AAAI}
               2020, The Thirty-Second Innovative Applications of Artificial Intelligence
               Conference, {IAAI} 2020, The Tenth {AAAI} Symposium on Educational
               Advances in Artificial Intelligence, {EAAI} 2020, New York, NY, USA,
               February 7-12, 2020},
  booktitle = {AAAI},
  pages     = {3195--3202},
  OPTpublisher = {{AAAI} Press},
  year      = {2020},
  OPTurl       = {https://aaai.org/ojs/index.php/AAAI/article/view/5717},
  timestamp = {Tue, 02 Feb 2021 08:00:27 +0100},
  biburl    = {https://dblp.org/rec/conf/aaai/Avellaneda20.bib},
  bibsource = {dblp computer science bibliography, https://dblp.org}
}

@article{schaus-cj20,
  author    = {H{\'{e}}l{\`{e}}ne Verhaeghe and
               Siegfried Nijssen and
               Gilles Pesant and
               Claude{-}Guy Quimper and
               Pierre Schaus},
  title     = {Learning optimal decision trees using constraint programming},
  journal   = {Constraints An Int. J.},
  volume    = {25},
  number    = {3-4},
  pages     = {226--250},
  year      = {2020},
  url       = {https://doi.org/10.1007/s10601-020-09312-3},
  OPTdoi       = {10.1007/s10601-020-09312-3},
  timestamp = {Fri, 09 Apr 2021 18:33:44 +0200},
  biburl    = {https://dblp.org/rec/journals/constraints/VerhaegheNPQS20.bib},
  bibsource = {dblp computer science bibliography, https://dblp.org}
}

@article{avellaneda-corr19,
  author    = {Florent Avellaneda},
  title     = {Learning Optimal Decision Trees from Large Datasets},
  journal   = {CoRR},
  volume    = {abs/1904.06314},
  year      = {2019},
  url       = {http://arxiv.org/abs/1904.06314},
  eprinttype = {arXiv},
  eprint    = {1904.06314},
  timestamp = {Thu, 25 Apr 2019 13:55:01 +0200},
  biburl    = {https://dblp.org/rec/journals/corr/abs-1904-06314.bib},
  bibsource = {dblp computer science bibliography, https://dblp.org}
}

@inproceedings{rudin-nips19,
  author    = {Xiyang Hu and
               Cynthia Rudin and
               Margo I. Seltzer},
  OPTeditor    = {Hanna M. Wallach and
               Hugo Larochelle and
               Alina Beygelzimer and
               Florence d'Alch{\'{e}}{-}Buc and
               Emily B. Fox and
               Roman Garnett},
  title     = {Optimal Sparse Decision Trees},
  OPTbooktitle = {Advances in Neural Information Processing Systems 32: Annual Conference
               on Neural Information Processing Systems 2019, NeurIPS 2019, December
               8-14, 2019, Vancouver, BC, Canada},
  booktitle = {NeurIPS},
  pages     = {7265--7273},
  year      = {2019},
  OPTurl       = {https://proceedings.neurips.cc/paper/2019/hash/ac52c626afc10d4075708ac4c778ddfc-Abstract.html},
  timestamp = {Thu, 21 Jan 2021 15:15:19 +0100},
  biburl    = {https://dblp.org/rec/conf/nips/HuRS19.bib},
  bibsource = {dblp computer science bibliography, https://dblp.org}
}

@inproceedings{verwer-aaai19,
  author    = {Sicco Verwer and
               Yingqian Zhang},
  title     = {Learning Optimal Classification Trees Using a Binary Linear Program
               Formulation},
  OPTbooktitle = {The Thirty-Third {AAAI} Conference on Artificial Intelligence, {AAAI}
               2019, The Thirty-First Innovative Applications of Artificial Intelligence
               Conference, {IAAI} 2019, The Ninth {AAAI} Symposium on Educational
               Advances in Artificial Intelligence, {EAAI} 2019, Honolulu, Hawaii,
               USA, January 27 - February 1, 2019},
  booktitle = {AAAI},
  pages     = {1625--1632},
  OPTpublisher = {{AAAI} Press},
  year      = {2019},
  OPTurl       = {https://doi.org/10.1609/aaai.v33i01.33011624},
  OPTdoi       = {10.1609/aaai.v33i01.33011624},
  timestamp = {Tue, 02 Feb 2021 08:00:15 +0100},
  biburl    = {https://dblp.org/rec/conf/aaai/VerwerZ19.bib},
  bibsource = {dblp computer science bibliography, https://dblp.org}
}



@article{islam-acmcs19,
  author    = {Sam Fletcher and
               Md Zahidul Islam},
  title     = {Decision Tree Classification with Differential Privacy: {A} Survey},
  journal   = {{ACM} Comput. Surv.},
  volume    = {52},
  number    = {4},
  pages     = {83:1--83:33},
  year      = {2019},
  url       = {https://doi.org/10.1145/3337064},
  doi       = {10.1145/3337064},
  timestamp = {Fri, 27 Mar 2020 08:39:06 +0100},
  biburl    = {https://dblp.org/rec/journals/csur/FletcherI19.bib},
  bibsource = {dblp computer science bibliography, https://dblp.org}
}

@inproceedings{rudin-aistats18,
  author    = {Chaofan Chen and
               Cynthia Rudin},
  OPTeditor    = {Amos J. Storkey and
               Fernando P{\'{e}}rez{-}Cruz},
  title     = {An Optimization Approach to Learning Falling Rule Lists},
  OPTbooktitle = {International Conference on Artificial Intelligence and Statistics,
               {AISTATS} 2018, 9-11 April 2018, Playa Blanca, Lanzarote, Canary Islands,
               Spain},
  booktitle = {AISTATS},
  OPTseries    = {Proceedings of Machine Learning Research},
  OPTvolume    = {84},
  pages     = {604--612},
  OPTpublisher = {{PMLR}},
  year      = {2018},
  OPTurl       = {http://proceedings.mlr.press/v84/chen18a.html},
  timestamp = {Wed, 03 Apr 2019 18:17:22 +0200},
  biburl    = {https://dblp.org/rec/conf/aistats/ChenR18.bib},
  bibsource = {dblp computer science bibliography, https://dblp.org}
}

@inproceedings{nipms-ijcai18,
  author    = {Nina Narodytska and
               Alexey Ignatiev and
               Filipe Pereira and
               Jo{\~{a}}o Marques{-}Silva},
  OPTeditor    = {J{\'{e}}r{\^{o}}me Lang},
  title     = {Learning Optimal Decision Trees with {SAT}},
  OPTbooktitle = {Proceedings of the Twenty-Seventh International Joint Conference on
               Artificial Intelligence, {IJCAI} 2018, July 13-19, 2018, Stockholm,
               Sweden},
  booktitle = {IJCAI},
  pages     = {1362--1368},
  OPTpublisher = {ijcai.org},
  year      = {2018},
  OPTurl       = {https://doi.org/10.24963/ijcai.2018/189},
  OPTdoi       = {10.24963/ijcai.2018/189},
  timestamp = {Mon, 24 Feb 2020 19:23:28 +0100},
  biburl    = {https://dblp.org/rec/conf/ijcai/NarodytskaIPM18.bib},
  bibsource = {dblp computer science bibliography, https://dblp.org}
}

@article{rudin-mpc18,
  author    = {Cynthia Rudin and
               Seyda Ertekin},
  title     = {Learning customized and optimized lists of rules with mathematical
               programming},
  journal   = {Math. Program. Comput.},
  volume    = {10},
  number    = {4},
  pages     = {659--702},
  year      = {2018},
  url       = {https://doi.org/10.1007/s12532-018-0143-8},
  OPTdoi       = {10.1007/s12532-018-0143-8},
  timestamp = {Thu, 15 Nov 2018 17:08:00 +0100},
  biburl    = {https://dblp.org/rec/journals/mpc/RudinE18.bib},
  bibsource = {dblp computer science bibliography, https://dblp.org}
}

@inproceedings{verwer-cpaior17,
  author    = {Sicco Verwer and
               Yingqian Zhang},
  OPTeditor    = {Domenico Salvagnin and
               Michele Lombardi},
  title     = {Learning Decision Trees with Flexible Constraints and Objectives Using
               Integer Optimization},
  OPTbooktitle = {Integration of {AI} and {OR} Techniques in Constraint Programming
               - 14th International Conference, {CPAIOR} 2017, Padua, Italy, June
               5-8, 2017, Proceedings},
  booktitle = {CPAIOR},
  OPTseries    = {Lecture Notes in Computer Science},
  OPTvolume    = {10335},
  pages     = {94--103},
  OPTpublisher = {Springer},
  year      = {2017},
  OPTurl       = {https://doi.org/10.1007/978-3-319-59776-8\_8},
  OPTdoi       = {10.1007/978-3-319-59776-8\_8},
  timestamp = {Mon, 15 Jun 2020 17:11:56 +0200},
  biburl    = {https://dblp.org/rec/conf/cpaior/VerwerZ17.bib},
  bibsource = {dblp computer science bibliography, https://dblp.org}
}

@inproceedings{rudin-kdd17,
  author    = {Elaine Angelino and
               Nicholas Larus{-}Stone and
               Daniel Alabi and
               Margo I. Seltzer and
               Cynthia Rudin},
  title     = {Learning Certifiably Optimal Rule Lists},
  OPTbooktitle = {Proceedings of the 23rd {ACM} {SIGKDD} International Conference on
               Knowledge Discovery and Data Mining, Halifax, NS, Canada, August 13
               - 17, 2017},
  booktitle = {KDD},
  pages     = {35--44},
  OPTpublisher = {{ACM}},
  year      = {2017},
  OPTurl       = {https://doi.org/10.1145/3097983.3098047},
  OPTdoi       = {10.1145/3097983.3098047},
  timestamp = {Fri, 25 Dec 2020 01:14:16 +0100},
  biburl    = {https://dblp.org/rec/conf/kdd/AngelinoLASR17.bib},
  bibsource = {dblp computer science bibliography, https://dblp.org}
}

@article{rudin-jmlr17-XYZ,
  author    = {Elaine Angelino and
               Nicholas Larus{-}Stone and
               Daniel Alabi and
               Margo I. Seltzer and
               Cynthia Rudin},
  title     = {Learning Certifiably Optimal Rule Lists for Categorical Data},
  journal   = {J. Mach. Learn. Res.},
  volume    = {18},
  pages     = {234:1--234:78},
  year      = {2017},
  url       = {http://jmlr.org/papers/v18/17-716.html},
  timestamp = {Thu, 10 Sep 2020 09:33:06 +0200},
  biburl    = {https://dblp.org/rec/journals/jmlr/AngelinoLASR17.bib},
  bibsource = {dblp computer science bibliography, https://dblp.org}
}

@article{bertsimas-ml17,
  author    = {Dimitris Bertsimas and
               Jack Dunn},
  title     = {Optimal classification trees},
  journal   = {Mach. Learn.},
  volume    = {106},
  number    = {7},
  pages     = {1039--1082},
  year      = {2017},
  url       = {https://doi.org/10.1007/s10994-017-5633-9},
  OPTdoi       = {10.1007/s10994-017-5633-9},
  timestamp = {Mon, 02 Mar 2020 16:29:53 +0100},
  biburl    = {https://dblp.org/rec/journals/ml/BertsimasD17.bib},
  bibsource = {dblp computer science bibliography, https://dblp.org}
}

@inproceedings{rudin-aistats15,
  author    = {Fulton Wang and
               Cynthia Rudin},
  OPTeditor    = {Guy Lebanon and
               S. V. N. Vishwanathan},
  title     = {Falling Rule Lists},
  OPTbooktitle = {Proceedings of the Eighteenth International Conference on Artificial
               Intelligence and Statistics, {AISTATS} 2015, San Diego, California,
               USA, May 9-12, 2015},
  booktitle = {AISTATS},
  OPTseries    = {{JMLR} Workshop and Conference Proceedings},
  OPTvolume    = {38},
  OPTpublisher = {JMLR.org},
  year      = {2015},
  OPTurl       = {http://proceedings.mlr.press/v38/wang15a.html},
  timestamp = {Wed, 29 May 2019 08:41:44 +0200},
  biburl    = {https://dblp.org/rec/conf/aistats/WangR15.bib},
  bibsource = {dblp computer science bibliography, https://dblp.org}
}

@article{kotsiantis-air13,
  author    = {Sotiris B. Kotsiantis},
  title     = {Decision trees: a recent overview},
  journal   = {Artif. Intell. Rev.},
  volume    = {39},
  number    = {4},
  pages     = {261--283},
  year      = {2013},
  url       = {https://doi.org/10.1007/s10462-011-9272-4},
  doi       = {10.1007/s10462-011-9272-4},
  timestamp = {Mon, 05 Jun 2017 12:38:17 +0200},
  biburl    = {https://dblp.org/rec/journals/air/Kotsiantis13.bib},
  bibsource = {dblp computer science bibliography, https://dblp.org}
}


@article{nijssen-dmkd10,
  author    = {Siegfried Nijssen and
               {\'{E}}lisa Fromont},
  title     = {Optimal constraint-based decision tree induction from itemset lattices},
  journal   = {Data Min. Knowl. Discov.},
  volume    = {21},
  number    = {1},
  pages     = {9--51},
  year      = {2010},
  url       = {https://doi.org/10.1007/s10618-010-0174-x},
  OPTdoi       = {10.1007/s10618-010-0174-x},
  timestamp = {Sat, 20 May 2017 00:25:07 +0200},
  biburl    = {https://dblp.org/rec/journals/datamine/NijssenF10.bib},
  bibsource = {dblp computer science bibliography, https://dblp.org}
}

@inproceedings{hebrard-cp09,
  author    = {Christian Bessiere and
               Emmanuel Hebrard and
               Barry O'Sullivan},
  OPTeditor    = {Ian P. Gent},
  title     = {Minimising Decision Tree Size as Combinatorial Optimisation},
  OPTbooktitle = {Principles and Practice of Constraint Programming - {CP} 2009, 15th
               International Conference, {CP} 2009, Lisbon, Portugal, September 20-24,
               2009, Proceedings},
  booktitle = {CP},
  OPTseries    = {Lecture Notes in Computer Science},
  OPTvolume    = {5732},
  pages     = {173--187},
  OPTpublisher = {Springer},
  year      = {2009},
  OPTurl       = {https://doi.org/10.1007/978-3-642-04244-7\_16},
  OPTdoi       = {10.1007/978-3-642-04244-7\_16},
  timestamp = {Tue, 14 May 2019 10:00:45 +0200},
  biburl    = {https://dblp.org/rec/conf/cp/BessiereHO09.bib},
  bibsource = {dblp computer science bibliography, https://dblp.org}
}

@article{kumar-kis08,
  author    = {Xindong Wu and
               Vipin Kumar and
               J. Ross Quinlan and
               Joydeep Ghosh and
               Qiang Yang and
               Hiroshi Motoda and
               Geoffrey J. McLachlan and
               Angus F. M. Ng and
               Bing Liu and
               Philip S. Yu and
               Zhi{-}Hua Zhou and
               Michael S. Steinbach and
               David J. Hand and
               Dan Steinberg},
  title     = {Top 10 algorithms in data mining},
  journal   = {Knowl. Inf. Syst.},
  volume    = {14},
  number    = {1},
  pages     = {1--37},
  year      = {2008},
  url       = {https://doi.org/10.1007/s10115-007-0114-2},
  doi       = {10.1007/s10115-007-0114-2},
  timestamp = {Thu, 23 Sep 2021 11:46:36 +0200},
  biburl    = {https://dblp.org/rec/journals/kais/WuKQGYMMNLYZSHS08.bib},
  bibsource = {dblp computer science bibliography, https://dblp.org}
}

@inproceedings{nijssen-kdd07,
  author    = {Siegfried Nijssen and
               {\'{E}}lisa Fromont},
  OPTeditor    = {Pavel Berkhin and
               Rich Caruana and
               Xindong Wu},
  title     = {Mining optimal decision trees from itemset lattices},
  OPTbooktitle = {Proceedings of the 13th {ACM} {SIGKDD} International Conference on
               Knowledge Discovery and Data Mining, San Jose, California, USA, August
               12-15, 2007},
  booktitle = {KDD},
  pages     = {530--539},
  OPTpublisher = {{ACM}},
  year      = {2007},
  OPTurl       = {https://doi.org/10.1145/1281192.1281250},
  OPTdoi       = {10.1145/1281192.1281250},
  timestamp = {Mon, 07 Jan 2019 17:17:42 +0100},
  biburl    = {https://dblp.org/rec/conf/kdd/NijssenF07.bib},
  bibsource = {dblp computer science bibliography, https://dblp.org}
}

@article{blockeel-aij98,
  author    = {Hendrik Blockeel and
               Luc De Raedt},
  title     = {Top-Down Induction of First-Order Logical Decision Trees},
  journal   = {Artif. Intell.},
  volume    = {101},
  number    = {1-2},
  pages     = {285--297},
  year      = {1998},
  url       = {https://doi.org/10.1016/S0004-3702(98)00034-4},
  doi       = {10.1016/S0004-3702(98)00034-4},
  timestamp = {Mon, 26 Oct 2020 09:02:07 +0100},
  biburl    = {https://dblp.org/rec/journals/ai/BlockeelR98.bib},
  bibsource = {dblp computer science bibliography, https://dblp.org}
}

@article{aha-ker97,
  author    = {Leonard A. Breslow and
               David W. Aha},
  title     = {Simplifying decision trees: {A} survey},
  journal   = {Knowl. Eng. Rev.},
  volume    = {12},
  number    = {1},
  pages     = {1--40},
  year      = {1997},
  url       = {https://doi.org/10.1017/S0269888997000015},
  doi       = {10.1017/S0269888997000015},
  timestamp = {Tue, 16 Aug 2022 23:09:45 +0200},
  biburl    = {https://dblp.org/rec/journals/ker/BreslowA97.bib},
  bibsource = {dblp computer science bibliography, https://dblp.org}
}

@article{rivest-ipl76,
  author    = {Laurent Hyafil and
               Ronald L. Rivest},
  title     = {Constructing Optimal Binary Decision Trees is {NP}-Complete},
  journal   = {Inf. Process. Lett.},
  volume    = {5},
  number    = {1},
  pages     = {15--17},
  year      = {1976},
  OPTurl       = {https://doi.org/10.1016/0020-0190(76)90095-8},
  OPTdoi       = {10.1016/0020-0190(76)90095-8},
  timestamp = {Wed, 14 Nov 2018 10:49:27 +0100},
  biburl    = {https://dblp.org/rec/journals/ipl/HyafilR76.bib},
  bibsource = {dblp computer science bibliography, https://dblp.org}
}

