
@Misc{algwatch20,
  OPTkey =       {},
  author =    {{Algorithm Watch}},
  title =     {{AI} Ethics Guidelines Global Inventory},
  howpublished = {\url{https://inventory.algorithmwatch.org/}},
  OPTmonth =     {},
  year =      {2020},
  OPTnote =      {},
  OPTannote =    {}
}

@Misc{au-ai-plan21,
  OPTkey =       {},
  author =    {{Australian Gov.}},
  title =     {Australia's {AU} Action Plan},
  OPThowpublished = {\url{https://www.industry.gov.au/sites/default/files/June%202021/document/australias-ai-action-plan.pdf}},
  howpublished = {tiny.cc/hy8juz},
  OPTmonth =     {},
  year =      {2021},
  note = {Accessed: 2021-12-01},
  OPTnote =      {},
  OPTannote =    {}
}

@Misc{au-ai-ethics21,
  OPTkey =       {},
  author =    {{Australian Gov.}},
  title =     {Australiaâ€™s Artificial Intelligence Ethics Framework},
  OPThowpublished = {\url{https://www.industry.gov.au/data-and-publications/australias-artificial-intelligence-ethics-framework/australias-ai-ethics-principles}},
  howpublished = {\url{tiny.cc/ey8juz}},
  OPTmonth =     {},
  year =      {2021},
  note = {Accessed: 2021-12-01},
  OPTnote =      {},
  OPTannote =    {}
}

@Misc{eu-coplan21,
  OPTkey =       {},
  author =    {EU},
  title =     {Coordinated Plan on Artificial Intelligence -- 2021 Review},
  howpublished = {\url{https://bit.ly/3hJG2HF}},
  OPThowpublished = {\url{https://digital-strategy.ec.europa.eu/en/library/coordinated-plan-artificial-intelligence-2021-review}},
  OPTmonth =     {},
  year =      {2021},
  note = {Accessed: 2021-12-01},
  OPTnote =      {},
  OPTannote =    {}
}

@Misc{jrc-aiwatch21,
  OPTkey =       {},
  author =    {JRC-OECD},
  title =     {{AI} Watch - National strategies on Artificial Intelligence: A European perspective},
  howpublished = {\url{https://publications.jrc.ec.europa.eu/repository/handle/JRC122684}},
  OPTmonth =     {},
  year =      {2021},
  note = {Accessed: 2021-12-01},
  OPTnote =      {},
  OPTannote =    {}
}

@Misc{oecd-rcai21,
  OPTkey =       {},
  author =    {OECD},
  title =     {Recommendation of the Council on Artificial Intelligence},
  howpublished = {\url{https://legalinstruments.oecd.org/en/instruments/OECD-LEGAL-0449}},
  OPTmonth =     {},
  year =      {2021},
  note = {Accessed: 2021-12-01},
  OPTnote =      {},
  OPTannote =    {}
}

@Misc{unesco-reai21,
  OPTkey =       {},
  author =    {UNESCO},
  title =     {Draft Recommendation on the Ethics of Artificial Intelligence},
  howpublished = {\url{https://unesdoc.unesco.org/ark:/48223/pf0000374266}},
  month =     {June},
  year =      {2021},
  note = {Accessed: 2021-12-01},
  OPTnote =      {},
  OPTannote =    {}
}

@Misc{eu-aiact21,
  OPTkey =       {},
  author =    {EU},
  title =     {{Artificial Intelligence Act}},
  OPThowpublished = {\url{https://eur-lex.europa.eu/legal-content/EN/TXT/?qid=1623335154975&uri=CELEX%3A52021PC0206}},
  howpublished = {\url{tiny.cc/wy8juz}},
  OPTmonth =     {},
  year =      {2021},
  note = {Accessed: 2021-12-01},
  OPTnote =      {},
  OPTannote =    {}
}

@article{nist-doc20,
  title={Four Principles of Explainable Artificial Intelligence (Draft)},
  author={Phillips, P J and Hahn, Amanda C and Fontana, Peter C and Broniatowski, David A and Przybocki, Mark A and others},
  year={2020},
  note={\url{https://www.nist.gov/document/four-principles-explainable-artificial-intelligence-nistir-8312/}}
}

@Misc{eu-hlegai20,
  OPTkey =       {},
  author =    {{{HLEG} AI}},
  title =     {Assessment List for Trustworthy Artificial Intelligence {(ALTAI)} for self-assessment},
  howpublished = {\url{https://bit.ly/3jAeHds}},
  OPThowpublished = {\url{https://digital-strategy.ec.europa.eu/en/library/assessment-list-trustworthy-artificial-intelligence-altai-self-assessment}},
  OPTmonth =     {},
  year =      {2020},
  note = {Accessed: 2021-12-01},
  OPTnote =      {},
  OPTannote =    {}
}

@article{us-nraird19,
  title={The national artificial intelligence research and development strategic plan: 2019 update},
  author={{National Science and Technology Council (US). Select Committee on Artificial Intelligence}},
  year={2019},
  OPTpublisher={National Science and Technology Council (US), Select Committee on Artificial intelligence},
  note={\url{https://www.nitrd.gov/pubs/National-AI-RD-Strategy-2019.pdf}},
}

@Misc{eu-hlegai19,
  OPTkey =       {},
  author =    {{{HLEG} AI}},
  title =     {Ethics guidelines for trustworthy {AI}},
  howpublished = {\url{https://digital-strategy.ec.europa.eu/en/library/ethics-guidelines-trustworthy-ai}},
  OPTmonth =     {},
  year =      {2019},
  note = {Accessed: 2021-12-01},
  OPTnote =      {},
  OPTannote =    {}
}

@Misc{eu-guidelines19,
  OPTkey =       {},
  author =    {{European Union High-Level Expert Group on Artificial Intelligence}},
  OPTauthor =    {{EU High-Level Expert Group on AI}},
  OPTauthor = {{European Commission}},
  title =     {Ethics guidelines for trustworthy {AI}},
  howpublished = {\url{https://ec.europa.eu/digital-single-market/en/news/ethics-guidelines-trustworthy-ai}},
  month =     {April},
  year =      {2019},
  note = {Accessed: 2021-12-01},
  OPTnote =      {},
  OPTannote =    {}
}

@article{acm-stmt17,
  title={Statement on algorithmic transparency and accountability},
  author={Council, ACM US Public Policy},
  journal={Commun. ACM},
  year={2017}
}

@Misc{eu-gdpr16,
  OPTkey =       {},
  OPTauthor =    {{EU General Data Protection Regulation}},
  author =    {{EU}},
  OPTtitle =     {REGULATION ({EU}) 2016/679 OF THE {E}UROPEAN {P}ARLIAMENT AND OF THE {C}OUNCIL},
  title =    {{General Data Protection Regulation}},
  howpublished = {\url{https://eur-lex.europa.eu/eli/reg/2016/679/oj}},
  OPThowpublished = {\url{http://eur-lex.europa.eu/legal-content/EN/TXT/PDF/?uri=CELEX:32016R0679&from=en}},
  OPTmonth =     {},
  year =      {2016},
  note = {Accessed: 2021-12-01},
  OPTnote =      {27 April 2016},
  OPTannote =    {}
}

@Misc{darpa-xai16,
  OPTkey =       {},
  author =    {DARPA},
  title =     {{DARPA} Explainable {A}rtificial {I}ntelligence {(XAI)} program},
  howpublished = {\url{https://www.darpa.mil/program/explainable-artificial-intelligence}},
  OPTmonth =     {},
  year =      {2016},
  note = {Accessed: 2021-12-01},
  OPTnote =      {Broad Agency Announcement: \url{http://www.darpa.mil/attachments/DARPA-BAA-16-53.pdf}},
  OPTannote =    {}
}

