@inproceedings{bendik-tacas20,
  author    = {Jaroslav Bend{\'{\i}}k and
               Ivana Cern{\'{a}}},
  OPTeditor    = {Armin Biere and
               David Parker},
  title     = {{MUST:} Minimal Unsatisfiable Subsets Enumeration Tool},
  OPTbooktitle = {Tools and Algorithms for the Construction and Analysis of Systems
               - 26th International Conference, {TACAS} 2020, Held as Part of the
               European Joint Conferences on Theory and Practice of Software, {ETAPS}
               2020, Dublin, Ireland, April 25-30, 2020, Proceedings, Part {I}},
  booktitle = {TACAS},
  OPTseries    = {Lecture Notes in Computer Science},
  OPTvolume    = {12078},
  pages     = {135--152},
  OPTpublisher = {Springer},
  year      = {2020},
  OPTurl       = {https://doi.org/10.1007/978-3-030-45190-5\_8},
  OPTdoi       = {10.1007/978-3-030-45190-5\_8},
  timestamp = {Fri, 14 May 2021 08:34:19 +0200},
  biburl    = {https://dblp.org/rec/conf/tacas/BendikC20.bib},
  bibsource = {dblp computer science bibliography, https://dblp.org}
}

@inproceedings{bendik-lpar20,
  author    = {Jaroslav Bend{\'{\i}}k and
               Ivana Cerna},
  OPTeditor    = {Elvira Albert and
               Laura Kov{\'{a}}cs},
  title     = {Rotation Based {MSS/MCS} Enumeration},
  OPTbooktitle = {{LPAR} 2020: 23rd International Conference on Logic for Programming,
               Artificial Intelligence and Reasoning, Alicante, Spain, May 22-27,
               2020},
  booktitle = {LPAR},
  OPTseries    = {EPiC Series in Computing},
  OPTvolume    = {73},
  pages     = {120--137},
  OPTpublisher = {EasyChair},
  year      = {2020},
  OPTurl       = {https://doi.org/10.29007/8btb},
  OPTdoi       = {10.29007/8btb},
  timestamp = {Sun, 15 Aug 2021 00:16:52 +0200},
  biburl    = {https://dblp.org/rec/conf/lpar/BendikC20.bib},
  bibsource = {dblp computer science bibliography, https://dblp.org}
}

@article{kavvadias-tcs20,
  author    = {Stavros S. Cosmadakis and
               Dimitris J. Kavvadias and
               Lina Panagopoulou},
  title     = {Resolution based algorithms for the transversal hypergraph generation
               problem},
  journal   = {Theor. Comput. Sci.},
  volume    = {815},
  pages     = {1--10},
  year      = {2020},
  url       = {https://doi.org/10.1016/j.tcs.2020.02.033},
  OPTdoi       = {10.1016/j.tcs.2020.02.033},
  timestamp = {Thu, 14 Oct 2021 09:20:28 +0200},
  biburl    = {https://dblp.org/rec/journals/tcs/CosmadakisKP20.bib},
  bibsource = {dblp computer science bibliography, https://dblp.org}
}

@article{luo-sc19,
  author    = {Jie Luo and
               Shaofan Liu},
  title     = {Accelerating {MUS} enumeration by inconsistency graph partitioning},
  journal   = {{SCIENCE} {CHINA} Information Sciences},
  volume    = {62},
  number    = {11},
  pages     = {212104:1--212104:11},
  year      = {2019},
  OPTurl       = {https://doi.org/10.1007/s11432-019-9881-0},
  OPTdoi       = {10.1007/s11432-019-9881-0},
  timestamp = {Thu, 07 Nov 2019 15:14:31 +0100},
  biburl    = {https://dblp.org/rec/bib/journals/chinaf/LuoL19},
  bibsource = {dblp computer science bibliography, https://dblp.org}
}

@inproceedings{lagniez-ijcai18,
  author    = {{\'{E}}ric Gr{\'{e}}goire and
               Yacine Izza and
               Jean{-}Marie Lagniez},
  title     = {Boosting {MCSes} Enumeration},
  OPTbooktitle = {Proceedings of the Twenty-Seventh International Joint Conference on
               Artificial Intelligence, {IJCAI} 2018, July 13-19, 2018, Stockholm,
               Sweden},
  booktitle = {IJCAI},
  pages     = {1309--1315},
  year      = {2018},
  OPTcrossref  = {DBLP:conf/ijcai/2018},
  OPTurl       = {https://doi.org/10.24963/ijcai.2018/182},
  OPTdoi       = {10.24963/ijcai.2018/182},
  timestamp = {Tue, 20 Aug 2019 16:19:08 +0200},
  biburl    = {https://dblp.org/rec/bib/conf/ijcai/GregoireIL18},
  bibsource = {dblp computer science bibliography, https://dblp.org}
}

@inproceedings{narodytska-ijcai18,
  author    = {Nina Narodytska and
               Nikolaj S. Bj{\o}rner and
               Maria{-}Cristina V. Marinescu and
               Mooly Sagiv},
  OPTeditor    = {J{\'{e}}r{\^{o}}me Lang},
  title     = {Core-Guided Minimal Correction Set and Core Enumeration},
  OPTbooktitle = {Proceedings of the Twenty-Seventh International Joint Conference on
               Artificial Intelligence, {IJCAI} 2018, July 13-19, 2018, Stockholm,
               Sweden},
  booktitle = {IJCAI},
  pages     = {1353--1361},
  OPTpublisher = {ijcai.org},
  year      = {2018},
  OPTurl       = {https://doi.org/10.24963/ijcai.2018/188},
  OPTdoi       = {10.24963/ijcai.2018/188},
  timestamp = {Thu, 14 Apr 2022 20:26:16 +0200},
  biburl    = {https://dblp.org/rec/conf/ijcai/NarodytskaBMS18.bib},
  bibsource = {dblp computer science bibliography, https://dblp.org}
}

@inproceedings{bendik-atva18,
  author    = {Jaroslav Bend{\'{\i}}k and
               Ivana Cern{\'{a}} and
               Nikola Benes},
  OPTeditor    = {Shuvendu K. Lahiri and
               Chao Wang},
  title     = {Recursive Online Enumeration of All Minimal Unsatisfiable Subsets},
  OPTbooktitle = {Automated Technology for Verification and Analysis - 16th International
               Symposium, {ATVA} 2018, Los Angeles, CA, USA, October 7-10, 2018,
               Proceedings},
  booktitle = {ATVA},
  OPTseries    = {Lecture Notes in Computer Science},
  OPTvolume    = {11138},
  pages     = {143--159},
  OPTpublisher = {Springer},
  year      = {2018},
  OPTurl       = {https://doi.org/10.1007/978-3-030-01090-4\_9},
  OPTdoi       = {10.1007/978-3-030-01090-4\_9},
  timestamp = {Tue, 14 May 2019 10:00:49 +0200},
  biburl    = {https://dblp.org/rec/conf/atva/BendikCB18.bib},
  bibsource = {dblp computer science bibliography, https://dblp.org}
}

@inproceedings{pmjms-aaai18,
  author    = {Alessandro Previti and
               Carlos Menc{\'{\i}}a and
               Matti J{\"{a}}rvisalo and
               Jo{\~{a}}o Marques{-}Silva},
  title     = {Premise Set Caching for Enumerating Minimal Correction Subsets},
  OPTbooktitle = {Proceedings of the Thirty-Second {AAAI} Conference on Artificial Intelligence,
               (AAAI-18), the 30th innovative Applications of Artificial Intelligence
               (IAAI-18), and the 8th {AAAI} Symposium on Educational Advances in
               Artificial Intelligence (EAAI-18), New Orleans, Louisiana, USA, February
               2-7, 2018},
  booktitle = {AAAI},
  pages     = {6633--6640},
  year      = {2018},
  OPTcrossref  = {DBLP:conf/aaai/2018},
  OPTurl       = {https://www.aaai.org/ocs/index.php/AAAI/AAAI18/paper/view/17328},
  timestamp = {Tue, 23 Oct 2018 06:42:15 +0200},
  biburl    = {https://dblp.org/rec/bib/conf/aaai/PrevitiMJM18},
  bibsource = {dblp computer science bibliography, https://dblp.org}
}

@proceedings{DBLP:conf/aaai/2018,
  editor    = {Sheila A. McIlraith and
               Kilian Q. Weinberger},
  title     = {Proceedings of the Thirty-Second {AAAI} Conference on Artificial Intelligence,
               (AAAI-18), the 30th innovative Applications of Artificial Intelligence
               (IAAI-18), and the 8th {AAAI} Symposium on Educational Advances in
               Artificial Intelligence (EAAI-18), New Orleans, Louisiana, USA, February
               2-7, 2018},
  publisher = {{AAAI} Press},
  year      = {2018},
  url       = {https://www.aaai.org/ocs/index.php/AAAI/AAAI18/schedConf/presentations},
  timestamp = {Tue, 23 Oct 2018 06:42:15 +0200},
  biburl    = {https://dblp.org/rec/bib/conf/aaai/2018},
  bibsource = {dblp computer science bibliography, https://dblp.org}
}

@inproceedings{pmjms-sat17,
  author    = {Alessandro Previti and
               Carlos Menc{\'{\i}}a and
               Matti J{\"{a}}rvisalo and
               Jo{\~{a}}o Marques{-}Silva},
  title     = {Improving {MCS} Enumeration via Caching},
  OPTbooktitle = {Theory and Applications of Satisfiability Testing - {SAT} 2017 - 20th
               International Conference, Melbourne, VIC, Australia, August 28 - September
               1, 2017, Proceedings},
  booktitle = {SAT},
  pages     = {184--194},
  year      = {2017},
  OPTcrossref  = {DBLP:conf/sat/2017},
  OPTurl       = {https://doi.org/10.1007/978-3-319-66263-3\_12},
  OPTdoi       = {10.1007/978-3-319-66263-3\_12},
  timestamp = {Fri, 27 Dec 2019 21:27:23 +0100},
  biburl    = {https://dblp.org/rec/bib/conf/sat/PrevitiMJM17},
  bibsource = {dblp computer science bibliography, https://dblp.org}
}

@proceedings{DBLP:conf/sat/2017,
  editor    = {Serge Gaspers and
               Toby Walsh},
  title     = {Theory and Applications of Satisfiability Testing - {SAT} 2017 - 20th
               International Conference, Melbourne, VIC, Australia, August 28 - September
               1, 2017, Proceedings},
  series    = {Lecture Notes in Computer Science},
  volume    = {10491},
  publisher = {Springer},
  year      = {2017},
  url       = {https://doi.org/10.1007/978-3-319-66263-3},
  doi       = {10.1007/978-3-319-66263-3},
  isbn      = {978-3-319-66262-6},
  timestamp = {Tue, 14 May 2019 10:00:41 +0200},
  biburl    = {https://dblp.org/rec/bib/conf/sat/2017},
  bibsource = {dblp computer science bibliography, https://dblp.org}
}

@inproceedings{mipms-sat16-XYZ,
  author    = {Carlos Menc{\'{\i}}a and
               Alexey Ignatiev and
               Alessandro Previti and
               Jo{\~{a}}o Marques{-}Silva},
  title     = {{MCS} Extraction with Sublinear Oracle Queries},
  OPTbooktitle = {Theory and Applications of Satisfiability Testing - {SAT} 2016 - 19th
               International Conference, Bordeaux, France, July 5-8, 2016, Proceedings},
  booktitle = {SAT},
  pages     = {342--360},
  year      = {2016},
  OPTcrossref  = {DBLP:conf/sat/2016},
  OPTurl       = {https://doi.org/10.1007/978-3-319-40970-2\_21},
  OPTdoi       = {10.1007/978-3-319-40970-2\_21},
  timestamp = {Tue, 14 May 2019 10:00:41 +0200},
  biburl    = {https://dblp.org/rec/bib/conf/sat/MenciaIPM16},
  bibsource = {dblp computer science bibliography, https://dblp.org}
}

@proceedings{DBLP:conf/sat/2016,
  editor    = {Nadia Creignou and
               Daniel Le Berre},
  title     = {Theory and Applications of Satisfiability Testing - {SAT} 2016 - 19th
               International Conference, Bordeaux, France, July 5-8, 2016, Proceedings},
  series    = {Lecture Notes in Computer Science},
  volume    = {9710},
  publisher = {Springer},
  year      = {2016},
  url       = {https://doi.org/10.1007/978-3-319-40970-2},
  doi       = {10.1007/978-3-319-40970-2},
  isbn      = {978-3-319-40969-6},
  timestamp = {Tue, 14 May 2019 10:00:41 +0200},
  biburl    = {https://dblp.org/rec/bib/conf/sat/2016},
  bibsource = {dblp computer science bibliography, https://dblp.org}
}


@inproceedings{bacchus-cpaior16,
  author    = {Fahiem Bacchus and
               George Katsirelos},
  title     = {Finding a Collection of {MUSes} Incrementally},
  OPTbooktitle = {Integration of {AI} and {OR} Techniques in Constraint Programming
               - 13th International Conference, {CPAIOR} 2016, Banff, AB, Canada,
               May 29 - June 1, 2016, Proceedings},
  booktitle = {CPAIOR},
  pages     = {35--44},
  year      = {2016},
  OPTcrossref  = {DBLP:conf/cpaior/2016},
  OPTurl       = {https://doi.org/10.1007/978-3-319-33954-2\_3},
  OPTdoi       = {10.1007/978-3-319-33954-2\_3},
  timestamp = {Tue, 14 May 2019 10:00:47 +0200},
  biburl    = {https://dblp.org/rec/bib/conf/cpaior/BacchusK16},
  bibsource = {dblp computer science bibliography, https://dblp.org}
}
@proceedings{DBLP:conf/cpaior/2016,
  editor    = {Claude{-}Guy Quimper},
  title     = {Integration of {AI} and {OR} Techniques in Constraint Programming
               - 13th International Conference, {CPAIOR} 2016, Banff, AB, Canada,
               May 29 - June 1, 2016, Proceedings},
  series    = {Lecture Notes in Computer Science},
  volume    = {9676},
  publisher = {Springer},
  year      = {2016},
  url       = {https://doi.org/10.1007/978-3-319-33954-2},
  doi       = {10.1007/978-3-319-33954-2},
  isbn      = {978-3-319-33953-5},
  timestamp = {Tue, 14 May 2019 10:00:47 +0200},
  biburl    = {https://dblp.org/rec/bib/conf/cpaior/2016},
  bibsource = {dblp computer science bibliography, https://dblp.org}
}

@inproceedings{mpms-ijcai15-XYZ,
  author    = {Carlos Menc{\'{\i}}a and
               Alessandro Previti and
               Jo{\~{a}}o Marques{-}Silva},
  title     = {Literal-Based {MCS} Extraction},
  OPTbooktitle = {Proceedings of the Twenty-Fourth International Joint Conference on
               Artificial Intelligence, {IJCAI} 2015, Buenos Aires, Argentina, July
               25-31, 2015},
  booktitle = {IJCAI},
  pages     = {1973--1979},
  year      = {2015},
  OPTcrossref  = {DBLP:conf/ijcai/2015},
  OPTurl       = {http://ijcai.org/Abstract/15/280},
  timestamp = {Tue, 20 Aug 2019 16:16:43 +0200},
  biburl    = {https://dblp.org/rec/bib/conf/ijcai/MenciaPM15},
  bibsource = {dblp computer science bibliography, https://dblp.org}
}

@inproceedings{msjim-ijcai15,
  author    = {Jo{\~{a}}o Marques{-}Silva and
               Mikol{\'{a}}s Janota and
               Alexey Ignatiev and
               Ant{\'{o}}nio Morgado},
  title     = {Efficient Model Based Diagnosis with Maximum Satisfiability},
  OPTbooktitle = {Proceedings of the Twenty-Fourth International Joint Conference on
               Artificial Intelligence, {IJCAI} 2015, Buenos Aires, Argentina, July
               25-31, 2015},
  booktitle = {IJCAI},
  pages     = {1966--1972},
  year      = {2015},
  OPTcrossref  = {DBLP:conf/ijcai/2015},
  OPTurl       = {http://ijcai.org/Abstract/15/279},
  timestamp = {Tue, 20 Aug 2019 16:19:07 +0200},
  biburl    = {https://dblp.org/rec/bib/conf/ijcai/Marques-SilvaJI15},
  bibsource = {dblp computer science bibliography, https://dblp.org}
}

@proceedings{DBLP:conf/ijcai/2015,
  editor    = {Qiang Yang and
               Michael J. Wooldridge},
  title     = {Proceedings of the Twenty-Fourth International Joint Conference on
               Artificial Intelligence, {IJCAI} 2015, Buenos Aires, Argentina, July
               25-31, 2015},
  publisher = {{AAAI} Press},
  year      = {2015},
  url       = {http://ijcai.org/proceedings/2015},
  isbn      = {978-1-57735-738-4},
  timestamp = {Tue, 20 Aug 2019 16:16:43 +0200},
  biburl    = {https://dblp.org/rec/bib/conf/ijcai/2015},
  bibsource = {dblp computer science bibliography, https://dblp.org}
}


@inproceedings{lagniez-aaai14,
  author    = {{\'{E}}ric Gr{\'{e}}goire and
               Jean{-}Marie Lagniez and
               Bertrand Mazure},
  title     = {An Experimentally Efficient Method for {(MSS, CoMSS)} Partitioning},
  OPTbooktitle = {Proceedings of the Twenty-Eighth {AAAI} Conference on Artificial Intelligence,
               July 27 -31, 2014, Qu{\'{e}}bec City, Qu{\'{e}}bec, Canada},
  booktitle = {AAAI},
  pages     = {2666--2673},
  year      = {2014},
  OPTcrossref  = {DBLP:conf/aaai/2014},
  OPTurl       = {http://www.aaai.org/ocs/index.php/AAAI/AAAI14/paper/view/8324},
  timestamp = {Thu, 31 Jul 2014 09:00:19 +0200},
  biburl    = {https://dblp.org/rec/bib/conf/aaai/GregoireLM14},
  bibsource = {dblp computer science bibliography, https://dblp.org}
}

@inproceedings{bacchus-aaai14b,
  author    = {Fahiem Bacchus and
               Jessica Davies and
               Maria Tsimpoukelli and
               George Katsirelos},
  title     = {Relaxation Search: {A} Simple Way of Managing Optional Clauses},
  OPTbooktitle = {Proceedings of the Twenty-Eighth {AAAI} Conference on Artificial Intelligence,
               July 27 -31, 2014, Qu{\'{e}}bec City, Qu{\'{e}}bec, Canada},
  booktitle = {AAAI},
  pages     = {835--841},
  year      = {2014},
  OPTcrossref  = {DBLP:conf/aaai/2014},
  OPTurl       = {http://www.aaai.org/ocs/index.php/AAAI/AAAI14/paper/view/8618},
  timestamp = {Thu, 31 Jul 2014 09:00:19 +0200},
  biburl    = {https://dblp.org/rec/bib/conf/aaai/BacchusDTK14},
  bibsource = {dblp computer science bibliography, https://dblp.org}
}

@proceedings{DBLP:conf/aaai/2014,
  editor    = {Carla E. Brodley and
               Peter Stone},
  title     = {Proceedings of the Twenty-Eighth {AAAI} Conference on Artificial Intelligence,
               July 27 -31, 2014, Qu{\'{e}}bec City, Qu{\'{e}}bec, Canada},
  publisher = {{AAAI} Press},
  year      = {2014},
  url       = {http://www.aaai.org/Library/AAAI/aaai14contents.php},
  isbn      = {978-1-57735-661-5},
  timestamp = {Thu, 31 Jul 2014 08:59:54 +0200},
  biburl    = {https://dblp.org/rec/bib/conf/aaai/2014},
  bibsource = {dblp computer science bibliography, https://dblp.org}
}

@inproceedings{mlms-hvc12,
  author    = {Ant{\'{o}}nio Morgado and
               Mark H. Liffiton and
               Jo{\~{a}}o Marques{-}Silva},
  OPTeditor    = {Armin Biere and
               Amir Nahir and
               Tanja E. J. Vos},
  title     = {{MaxSAT}-Based {MCS} Enumeration},
  OPTbooktitle = {Hardware and Software: Verification and Testing - 8th International
               Haifa Verification Conference, {HVC} 2012, Haifa, Israel, November
               6-8, 2012. Revised Selected Papers},
  booktitle = {HVC},
  OPTseries    = {Lecture Notes in Computer Science},
  OPTvolume    = {7857},
  pages     = {86--101},
  OPTpublisher = {Springer},
  year      = {2012},
  OPTurl       = {https://doi.org/10.1007/978-3-642-39611-3\_13},
  OPTdoi       = {10.1007/978-3-642-39611-3\_13},
  timestamp = {Mon, 24 Feb 2020 19:23:27 +0100},
  biburl    = {https://dblp.org/rec/conf/hvc/MorgadoLM12.bib},
  bibsource = {dblp computer science bibliography, https://dblp.org}
}

@article{felfernig-aiedam12,
  author    = {Alexander Felfernig and
               Monika Schubert and
               Christoph Zehentner},
  title     = {An efficient diagnosis algorithm for inconsistent constraint sets},
  journal   = {{AI} {EDAM}},
  volume    = {26},
  number    = {1},
  pages     = {53--62},
  year      = {2012},
  url       = {https://doi.org/10.1017/S0890060411000011},
  OPTdoi       = {10.1017/S0890060411000011},
  timestamp = {Wed, 17 May 2017 14:25:33 +0200},
  biburl    = {https://dblp.org/rec/bib/journals/aiedam/FelfernigSZ12},
  bibsource = {dblp computer science bibliography, https://dblp.org}
}

@article{boros-dam06,
  author    = {Leonid Khachiyan and
               Endre Boros and
               Khaled M. Elbassioni and
               Vladimir Gurvich},
  title     = {An efficient implementation of a quasi-polynomial algorithm for generating
               hypergraph transversals and its application in joint generation},
  journal   = {Discret. Appl. Math.},
  volume    = {154},
  number    = {16},
  pages     = {2350--2372},
  year      = {2006},
  url       = {https://doi.org/10.1016/j.dam.2006.04.012},
  OPTdoi       = {10.1016/j.dam.2006.04.012},
  timestamp = {Fri, 09 Apr 2021 18:27:51 +0200},
  biburl    = {https://dblp.org/rec/journals/dam/KhachiyanBEG06.bib},
  bibsource = {dblp computer science bibliography, https://dblp.org}
}

@inproceedings{boros-cocoon05,
  author    = {Leonid Khachiyan and
               Endre Boros and
               Khaled M. Elbassioni and
               Vladimir Gurvich},
  OPTeditor    = {Lusheng Wang},
  title     = {A New Algorithm for the Hypergraph Transversal Problem},
  OPTbooktitle = {Computing and Combinatorics, 11th Annual International Conference,
               {COCOON} 2005, Kunming, China, August 16-29, 2005, Proceedings},
  booktitle = {COCOON},
  OPTseries    = {Lecture Notes in Computer Science},
  OPTvolume    = {3595},
  pages     = {767--776},
  OPTpublisher = {Springer},
  year      = {2005},
  OPTurl       = {https://doi.org/10.1007/11533719\_78},
  OPTdoi       = {10.1007/11533719\_78},
  timestamp = {Fri, 09 Apr 2021 18:46:57 +0200},
  biburl    = {https://dblp.org/rec/conf/cocoon/KhachiyanBEG05.bib},
  bibsource = {dblp computer science bibliography, https://dblp.org}
}

@inproceedings{stuckey-padl05,
  author    = {James Bailey and
               Peter J. Stuckey},
  title     = {Discovery of Minimal Unsatisfiable Subsets of Constraints Using Hitting
               Set Dualization},
  OPTbooktitle = {Practical Aspects of Declarative Languages, 7th International Symposium,
               {PADL} 2005, Long Beach, CA, USA, January 10-11, 2005, Proceedings},
  booktitle = {PADL},
  pages     = {174--186},
  year      = {2005},
  OPTcrossref  = {DBLP:conf/padl/2005},
  OPTurl       = {https://doi.org/10.1007/978-3-540-30557-6\_14},
  OPTdoi       = {10.1007/978-3-540-30557-6\_14},
  timestamp = {Tue, 14 May 2019 10:00:42 +0200},
  biburl    = {https://dblp.org/rec/bib/conf/padl/BaileyS05},
  bibsource = {dblp computer science bibliography, https://dblp.org}
}
@proceedings{DBLP:conf/padl/2005,
  editor    = {Manuel V. Hermenegildo and
               Daniel Cabeza},
  title     = {Practical Aspects of Declarative Languages, 7th International Symposium,
               {PADL} 2005, Long Beach, CA, USA, January 10-11, 2005, Proceedings},
  series    = {Lecture Notes in Computer Science},
  volume    = {3350},
  publisher = {Springer},
  year      = {2005},
  url       = {https://doi.org/10.1007/b105205},
  doi       = {10.1007/b105205},
  isbn      = {3-540-24362-3},
  timestamp = {Tue, 14 May 2019 10:00:42 +0200},
  biburl    = {https://dblp.org/rec/bib/conf/padl/2005},
  bibsource = {dblp computer science bibliography, https://dblp.org}
}

@inproceedings{boros-esa03,
  author    = {Endre Boros and
               Khaled M. Elbassioni and
               Vladimir Gurvich and
               Leonid Khachiyan},
  OPTeditor    = {Giuseppe Di Battista and
               Uri Zwick},
  title     = {An Efficient Implementation of a Quasi-polynomial Algorithm for Generating
               Hypergraph Transversals},
  OPTbooktitle = {Algorithms - {ESA} 2003, 11th Annual European Symposium, Budapest,
               Hungary, September 16-19, 2003, Proceedings},
  booktitle = {ESA},
  OPTseries    = {Lecture Notes in Computer Science},
  OPTvolume    = {2832},
  pages     = {556--567},
  OPTpublisher = {Springer},
  year      = {2003},
  OPTurl       = {https://doi.org/10.1007/978-3-540-39658-1\_51},
  OPTdoi       = {10.1007/978-3-540-39658-1\_51},
  timestamp = {Fri, 09 Apr 2021 18:40:21 +0200},
  biburl    = {https://dblp.org/rec/conf/esa/BorosEGK03.bib},
  bibsource = {dblp computer science bibliography, https://dblp.org}
}

@inproceedings{kavvadias-wae99,
  author    = {Dimitris J. Kavvadias and
               Elias C. Stavropoulos},
  OPTeditor    = {Jeffrey Scott Vitter and
               Christos D. Zaroliagis},
  title     = {Evaluation of an Algorithm for the Transversal Hypergraph Problem},
  OPTbooktitle = {Algorithm Engineering, 3rd International Workshop, {WAE} '99, London,
               UK, July 19-21, 1999, Proceedings},
  booktitle = {WAE},
  OPTseries    = {Lecture Notes in Computer Science},
  OPTvolume    = {1668},
  pages     = {72--84},
  OPTpublisher = {Springer},
  year      = {1999},
  OPTurl       = {https://doi.org/10.1007/3-540-48318-7\_8},
  OPTdoi       = {10.1007/3-540-48318-7\_8},
  timestamp = {Fri, 07 May 2021 11:48:35 +0200},
  biburl    = {https://dblp.org/rec/conf/wae/KavvadiasS99.bib},
  bibsource = {dblp computer science bibliography, https://dblp.org}
}

@article{greiner-aij89,
  author    = {Russell Greiner and
               Barbara A. Smith and
               Ralph W. Wilkerson},
  title     = {A Correction to the Algorithm in Reiter's Theory of Diagnosis},
  journal   = {Artif. Intell.},
  volume    = {41},
  number    = {1},
  pages     = {79--88},
  year      = {1989},
  url       = {https://doi.org/10.1016/0004-3702(89)90079-9},
  OPTdoi       = {10.1016/0004-3702(89)90079-9},
  timestamp = {Sat, 27 May 2017 14:24:42 +0200},
  biburl    = {https://dblp.org/rec/journals/ai/GreinerSW89.bib},
  bibsource = {dblp computer science bibliography, https://dblp.org}
}
