@Unpublished{bmpms-unpub23,
  author =       {Ramón Béjar and Antonio Morgado and Jordi Planes and Joao Marques-Silva},
  title =        {Logic-Based Explainability with Missing Data},
  note =         {Working paper},
  OPTkey =       {},
  OPTmonth =     {1},
  year =      {2023},
  OPTannote =    {}
}

@inproceedings{hcmpms-tacas23,
  author    = {Xuanxiang Huang and Martin C. Cooper and
               Antonio Morgado and Jordi Planes and
               Joao Marques{-}Silva},
  title     = {Feature Necessity \& Relevancy in {ML} Classifier Explanations},
  booktitle = {TACAS},
  year      = {2023},
  OPTmonth     = {4},
  OPTnote =      {In Press},
  OPTannote =    {}
}

@InProceedings{hims-aaai23,
  author =       {Xuanxiang Huang and Yacine Izza and Joao Marques-Silva},
  title =        {Solving Explainability Queries with Quantification: The Case of Feature Membership},
  booktitle = {{AAAI}},
  year =      {2023},
  OPTpages =     {},
  OPTmonth =     {2},
  OPTnote =      {In Press},
  OPTannote =    {}
}

@InProceedings{yisnms-aaai23,
  author =       {Jinqiang Yu and Alexey Ignatiev and Peter J. Stuckey and Nina Narodytska and Joao Marques-Silva},
  title =        {Eliminating The Impossible, Whatever Remains Must Be True:
On Extracting and Applying Background Knowledge In The Context Of Formal Explanations},
  booktitle = {{AAAI}},
  year =      {2023},
  OPTpages =     {},
  OPTmonth =     {2},
  OPTnote =      {In Press},
  OPTannote =    {}
}

@article{cms-aij23,
  author    = {Martin C. Cooper and Joao Marques-Silva},
  title     = {Tractability of explaining classifier decisions},
  journal   = {Artif. Intell.},
  OPTvolume    = {},
  OPTpages     = {},
  url = {https://www.sciencedirect.com/science/article/pii/S0004370222001813},
  OPTnote =      {In Press},
  year      = {2023}
}

@article{MarquesSilvaI23,
  author       = {Jo{\~{a}}o Marques{-}Silva and
                  Alexey Ignatiev},
  title        = {No silver bullet: interpretable {ML} models must be explained},
  journal      = {Frontiers Artif. Intell.},
  volume       = {6},
  year         = {2023},
  url          = {https://doi.org/10.3389/frai.2023.1128212},
  doi          = {10.3389/FRAI.2023.1128212},
  timestamp    = {Tue, 07 May 2024 20:23:47 +0200},
  biburl       = {https://dblp.org/rec/journals/frai/MarquesSilvaI23.bib},
  bibsource    = {dblp computer science bibliography, https://dblp.org}
}

@article{IzzaIM22,
  author       = {Yacine Izza and
                  Alexey Ignatiev and
                  Jo{\~{a}}o Marques{-}Silva},
  title        = {On Tackling Explanation Redundancy in Decision Trees},
  journal      = {J. Artif. Intell. Res.},
  volume       = {75},
  pages        = {261--321},
  year         = {2022},
  url          = {https://doi.org/10.1613/jair.1.13575},
  doi          = {10.1613/JAIR.1.13575},
  timestamp    = {Tue, 07 May 2024 20:25:29 +0200},
  biburl       = {https://dblp.org/rec/journals/jair/IzzaIM22.bib},
  bibsource    = {dblp computer science bibliography, https://dblp.org}
}

@article{ihincms-corr22,
  author    = {Yacine Izza and
               Xuanxiang Huang and
               Alexey Ignatiev and
               Nina Narodytska and
               Martin C. Cooper and
               Jo{\~{a}}o Marques{-}Silva},
  title     = {On Computing Probabilistic Abductive Explanations},
  journal   = {CoRR},
  volume    = {abs/2212.05990},
  year      = {2022},
  url       = {https://doi.org/10.48550/arXiv.2212.05990},
  doi       = {10.48550/arXiv.2212.05990},
  eprinttype = {arXiv},
  eprint    = {2212.05990},
  timestamp = {Mon, 02 Jan 2023 15:09:55 +0100},
  biburl    = {https://dblp.org/rec/journals/corr/abs-2212-05990.bib},
  bibsource = {dblp computer science bibliography, https://dblp.org}
}

@inproceedings{HuangII021,
  author       = {Xuanxiang Huang and
                  Yacine Izza and
                  Alexey Ignatiev and
                  Jo{\~{a}}o Marques{-}Silva},
  editor       = {Meghyn Bienvenu and
                  Gerhard Lakemeyer and
                  Esra Erdem},
  title        = {On Efficiently Explaining Graph-Based Classifiers},
  booktitle    = {Proceedings of the 18th International Conference on Principles of
                  Knowledge Representation and Reasoning, {KR} 2021, Online event, November
                  3-12, 2021},
  pages        = {356--367},
  year         = {2021},
  url          = {https://doi.org/10.24963/kr.2021/34},
  doi          = {10.24963/KR.2021/34},
  timestamp    = {Sun, 12 Nov 2023 02:14:51 +0100},
  biburl       = {https://dblp.org/rec/conf/kr/HuangII021.bib},
  bibsource    = {dblp computer science bibliography, https://dblp.org}
}

@inproceedings{imms-sat18,
  author    = {Alexey Ignatiev and
               Ant{\'{o}}nio Morgado and
               Jo{\~{a}}o Marques{-}Silva},
  OPTeditor    = {Olaf Beyersdorff and
               Christoph M. Wintersteiger},
  title     = {{PySAT}: {A} Python Toolkit for Prototyping with {SAT} Oracles},
  OPTbooktitle = {Theory and Applications of Satisfiability Testing - {SAT} 2018 - 21st
               International Conference, {SAT} 2018, Held as Part of the Federated
               Logic Conference, FloC 2018, Oxford, UK, July 9-12, 2018, Proceedings},
  booktitle = {SAT},
  OPTseries    = {Lecture Notes in Computer Science},
  OPTvolume    = {10929},
  pages     = {428--437},
  OPTpublisher = {Springer},
  year      = {2018},
  OPTurl       = {https://doi.org/10.1007/978-3-319-94144-8\_26},
  OPTdoi       = {10.1007/978-3-319-94144-8\_26},
  timestamp = {Mon, 24 Feb 2020 19:23:28 +0100},
  biburl    = {https://dblp.org/rec/conf/sat/IgnatievMM18.bib},
  bibsource = {dblp computer science bibliography, https://dblp.org}
}

@inproceedings{iplms-cp15,
  author    = {Alexey Ignatiev and
               Alessandro Previti and
               Mark H. Liffiton and
               Jo{\~{a}}o Marques{-}Silva},
  OPTeditor    = {Gilles Pesant},
  title     = {Smallest {MUS} Extraction with Minimal Hitting Set Dualization},
  OPTbooktitle = {Principles and Practice of Constraint Programming - 21st International
               Conference, {CP} 2015, Cork, Ireland, August 31 - September 4, 2015,
               Proceedings},
  booktitle = {CP},
  OPTseries    = {Lecture Notes in Computer Science},
  OPTvolume    = {9255},
  pages     = {173--182},
  OPTpublisher = {Springer},
  year      = {2015},
  OPTurl       = {https://doi.org/10.1007/978-3-319-23219-5\_13},
  OPTdoi       = {10.1007/978-3-319-23219-5\_13},
  timestamp = {Mon, 24 Feb 2020 19:23:28 +0100},
  biburl    = {https://dblp.org/rec/conf/cp/IgnatievPLM15.bib},
  bibsource = {dblp computer science bibliography, https://dblp.org}
}

@article{iincms-corr22,
  author    = {Yacine Izza and
               Alexey Ignatiev and
               Nina Narodytska and
               Martin C. Cooper and
               Jo{\~{a}}o Marques{-}Silva},
  title     = {Provably Precise, Succinct and Efficient Explanations for Decision
               Trees},
  journal   = {CoRR},
  volume    = {abs/2205.09569},
  year      = {2022},
  url       = {https://doi.org/10.48550/arXiv.2205.09569},
  OPTdoi       = {10.48550/arXiv.2205.09569},
  eprinttype = {arXiv},
  eprint    = {2205.09569},
  timestamp = {Mon, 23 May 2022 14:22:18 +0200},
  biburl    = {https://dblp.org/rec/journals/corr/abs-2205-09569.bib},
  bibsource = {dblp computer science bibliography, https://dblp.org}
}

@article{hms-corr22,
  author    = {Xuanxiang Huang and
               Jo{\~{a}}o Marques{-}Silva},
  title     = {On Deciding Feature Membership in Explanations of {SDD} {\&} Related
               Classifiers},
  journal   = {CoRR},
  volume    = {abs/2202.07553},
  year      = {2022},
  url       = {https://arxiv.org/abs/2202.07553},
  eprinttype = {arXiv},
  eprint    = {2202.07553},
  timestamp = {Fri, 18 Feb 2022 12:23:53 +0100},
  biburl    = {https://dblp.org/rec/journals/corr/abs-2202-07553.bib},
  bibsource = {dblp computer science bibliography, https://dblp.org}
}

@article{yisnms-corr22,
  author    = {Jinqiang Yu and
               Alexey Ignatiev and
               Peter J. Stuckey and
               Nina Narodytska and
               Jo{\~{a}}o Marques{-}Silva},
  title     = {Eliminating The Impossible, Whatever Remains Must Be True},
  journal   = {CoRR},
  volume    = {abs/2206.09551},
  year      = {2022},
  url       = {https://doi.org/10.48550/arXiv.2206.09551},
  OPTdoi       = {10.48550/arXiv.2206.09551},
  eprinttype = {arXiv},
  eprint    = {2206.09551},
  timestamp = {Mon, 27 Jun 2022 16:51:57 +0200},
  biburl    = {https://dblp.org/rec/journals/corr/abs-2206-09551.bib},
  bibsource = {dblp computer science bibliography, https://dblp.org}
}

@article{ims-corr22,
  author    = {Yacine Izza and
               Jo{\~{a}}o Marques{-}Silva},
  title     = {On Computing Relevant Features for Explaining {NBCs}},
  journal   = {CoRR},
  volume    = {abs/2207.04748},
  year      = {2022},
  url       = {https://doi.org/10.48550/arXiv.2207.04748},
  OPTdoi       = {10.48550/arXiv.2207.04748},
  eprinttype = {arXiv},
  eprint    = {2207.04748},
  timestamp = {Wed, 13 Jul 2022 15:22:19 +0200},
  biburl    = {https://dblp.org/rec/journals/corr/abs-2207-04748.bib},
  bibsource = {dblp computer science bibliography, https://dblp.org}
}

@article{iims-jair22,
  author    = {Yacine Izza and
               Alexey Ignatiev and
               Jo{\~{a}}o Marques{-}Silva},
  title     = {On Tackling Explanation Redundancy in Decision Trees},
  journal   = {J. Artif. Intell. Res.},
  year      = {2022},
  volume    = {75},
  number    = {},
  pages     = {261-321},
  url       = {https://jair.org/index.php/jair/article/view/13575/},
  OPTnote      = {In Press. Preprint available from \url{https://doi.org/10.48550/arXiv.2205.09971}}
}

@inproceedings{iisms-aaai22,
  author    = {Alexey Ignatiev and
               Yacine Izza and
               Peter J. Stuckey and
               Jo{\~{a}}o Marques{-}Silva},
  title     = {Using {MaxSAT} for Efficient Explanations of Tree Ensembles},
  OPTbooktitle = {Thirty-Sixth {AAAI} Conference on Artificial Intelligence, {AAAI}
               2022, Thirty-Fourth Conference on Innovative Applications of Artificial
               Intelligence, {IAAI} 2022, The Twelveth Symposium on Educational Advances
               in Artificial Intelligence, {EAAI} 2022 Virtual Event, February 22
               - March 1, 2022},
  booktitle = {AAAI},
  pages     = {3776--3785},
  OPTpublisher = {{AAAI} Press},
  year      = {2022},
  OPTurl       = {https://ojs.aaai.org/index.php/AAAI/article/view/20292},
  timestamp = {Mon, 11 Jul 2022 16:09:32 +0200},
  biburl    = {https://dblp.org/rec/conf/aaai/IgnatievIS022.bib},
  bibsource = {dblp computer science bibliography, https://dblp.org}
}

@inproceedings{hiicams-aaai22,
  author    = {Xuanxiang Huang and
               Yacine Izza and
               Alexey Ignatiev and
               Martin C. Cooper and
               Nicholas Asher and
               Jo{\~{a}}o Marques{-}Silva},
  title     = {Tractable Explanations for {d-DNNF} Classifiers},
  OPTbooktitle = {Thirty-Sixth {AAAI} Conference on Artificial Intelligence, {AAAI}
               2022, Thirty-Fourth Conference on Innovative Applications of Artificial
               Intelligence, {IAAI} 2022, The Twelveth Symposium on Educational Advances
               in Artificial Intelligence, {EAAI} 2022 Virtual Event, February 22
               - March 1, 2022},
  booktitle = {AAAI},
  pages     = {5719--5728},
  OPTpublisher = {{AAAI} Press},
  year      = {2022},
  OPTurl       = {https://ojs.aaai.org/index.php/AAAI/article/view/20514},
  timestamp = {Mon, 11 Jul 2022 16:09:32 +0200},
  biburl    = {https://dblp.org/rec/conf/aaai/HuangIICA022.bib},
  bibsource = {dblp computer science bibliography, https://dblp.org}
}

@inproceedings{snimms-aaai22,
  author    = {Aditya A. Shrotri and
               Nina Narodytska and
               Alexey Ignatiev and
               Kuldeep S. Meel and
               Jo{\~{a}}o Marques{-}Silva and
               Moshe Y. Vardi},
  title     = {Constraint-Driven Explanations for Black-Box {ML} Models},
  OPTbooktitle = {Thirty-Sixth {AAAI} Conference on Artificial Intelligence, {AAAI}
               2022, Thirty-Fourth Conference on Innovative Applications of Artificial
               Intelligence, {IAAI} 2022, The Twelveth Symposium on Educational Advances
               in Artificial Intelligence, {EAAI} 2022 Virtual Event, February 22
               - March 1, 2022},
  booktitle = {AAAI},
  pages     = {8304--8314},
  OPTpublisher = {{AAAI} Press},
  year      = {2022},
  OPTurl       = {https://ojs.aaai.org/index.php/AAAI/article/view/20805},
  timestamp = {Mon, 11 Jul 2022 16:09:32 +0200},
  biburl    = {https://dblp.org/rec/conf/aaai/ShrotriNIM0V22.bib},
  bibsource = {dblp computer science bibliography, https://dblp.org}
}

@inproceedings{msi-aaai22,
  author    = {Jo{\~{a}}o Marques{-}Silva and
               Alexey Ignatiev},
  title     = {Delivering Trustworthy {AI} through Formal {XAI}},
  OPTbooktitle = {Thirty-Sixth {AAAI} Conference on Artificial Intelligence, {AAAI}
               2022, Thirty-Fourth Conference on Innovative Applications of Artificial
               Intelligence, {IAAI} 2022, The Twelveth Symposium on Educational Advances
               in Artificial Intelligence, {EAAI} 2022 Virtual Event, February 22
               - March 1, 2022},
  booktitle = {AAAI},
  pages     = {12342--12350},
  OPTpublisher = {{AAAI} Press},
  year      = {2022},
  OPTurl       = {https://ojs.aaai.org/index.php/AAAI/article/view/21499},
  timestamp = {Tue, 12 Jul 2022 14:14:21 +0200},
  biburl    = {https://dblp.org/rec/conf/aaai/0001I22.bib},
  bibsource = {dblp computer science bibliography, https://dblp.org}
}

@InProceedings{hiicams-aaai22-XYZ,
  author =       {Xuanxiang Huang and Yacine Izza and Alexey Ignatiev and Martin C. Cooper and Nicholas Asher and Joao Marques-Silva},
  title =        {Tractable Explanations for {d-DNNF} Classifiers},
  booktitle = {{AAAI}},
  year =      {2022},
  OPTpages =     {},
  month =     {February},
  OPTnote =      {In Press},
  OPTannote =    {}
}

@InProceedings{snimmsv-aaai22-XYZ,
  author =       {Aditya A. Shrotri and Nina Narodytska and Alexey Ignatiev and Kuldeep Meel and Joao Marques-Silva and Moshe Vardi},
  title =        {Constraint-Driven Explanations of Black-Box {ML} Models},
  booktitle = {{AAAI}},
  year =      {2022},
  OPTpages =     {},
  month =     {February},
  OPTnote =      {In Press},
  OPTannote =    {}
}

@InProceedings{iisms-aaai22-XYZ,
  author =       {Alexey Ignatiev and Yacine Izza and Peter Stuckey and Joao Marques-Silva},
  title =        {Using {MaxSAT} for Efficient Explanations of Tree Ensembles},
  booktitle = {{AAAI}},
  year =      {2022},
  OPTpages =     {},
  month =     {February},
  OPTnote =      {In Press},
  OPTannote =    {}
}

@inproceedings{msi-aaai22-XYZ,
  author    = {Joao Marques-Silva and
               Alexey Ignatiev},
  title     = {Delivering Trustworthy {AI} through formal {XAI}},
  OPTbooktitle = {The Thirty-Sixth {AAAI} Conference on Artificial Intelligence, {AAAI}
               2022, ...},
  booktitle = {AAAI},
  OPTpages     = {},
  OPTpublisher = {{AAAI} Press},
  year      = {2022},
  bibsource = {dblp computer science bibliography, https://dblp.org}
}

@article{iims-corr22,
  author    = {Yacine Izza and
               Alexey Ignatiev and
               Jo{\~{a}}o Marques{-}Silva},
  title     = {On Tackling Explanation Redundancy in Decision Trees},
  journal   = {CoRR},
  volume    = {abs/2205.09971},
  year      = {2022},
  url       = {https://doi.org/10.48550/arXiv.2205.09971},
  OPTdoi       = {10.48550/arXiv.2205.09971},
  eprinttype = {arXiv},
  eprint    = {2205.09971},
  timestamp = {Mon, 23 May 2022 14:22:18 +0200},
  biburl    = {https://dblp.org/rec/journals/corr/abs-2205-09971.bib},
  bibsource = {dblp computer science bibliography, https://dblp.org}
}

@article{iincms-corr21,
  author    = {Yacine Izza and
               Alexey Ignatiev and
               Nina Narodytska and
               Martin C. Cooper and
               Jo{\~{a}}o Marques{-}Silva},
  title     = {Efficient Explanations With Relevant Sets},
  journal   = {CoRR},
  volume    = {abs/2106.00546},
  year      = {2021},
  url       = {https://arxiv.org/abs/2106.00546},
  eprinttype = {arXiv},
  eprint    = {2106.00546},
  timestamp = {Wed, 09 Jun 2021 18:45:08 +0200},
  biburl    = {https://dblp.org/rec/journals/corr/abs-2106-00546.bib},
  bibsource = {dblp computer science bibliography, https://dblp.org}
}

@article{hiicams-corr21,
  author    = {Xuanxiang Huang and
               Yacine Izza and
               Alexey Ignatiev and
               Martin C. Cooper and
               Nicholas Asher and
               Joao Marques{-}Silva},
  title     = {Efficient Explanations for Knowledge Compilation Languages},
  journal   = {CoRR},
  volume    = {abs/2107.01654},
  year      = {2021},
  url       = {https://arxiv.org/abs/2107.01654},
  eprinttype = {arXiv},
  eprint    = {2107.01654},
  timestamp = {Wed, 07 Jul 2021 15:23:11 +0200},
  biburl    = {https://dblp.org/rec/journals/corr/abs-2107-01654.bib},
  bibsource = {dblp computer science bibliography, https://dblp.org}
}

@article{hiims-corr21,
  author    = {Xuanxiang Huang and
               Yacine Izza and
               Alexey Ignatiev and
               Joao Marques{-}Silva},
  title     = {On Efficiently Explaining Graph-Based Classifiers},
  journal   = {CoRR},
  volume    = {abs/2106.01350},
  year      = {2021},
  url       = {https://arxiv.org/abs/2106.01350},
  eprinttype = {arXiv},
  eprint    = {2106.01350},
  timestamp = {Thu, 10 Jun 2021 16:34:18 +0200},
  biburl    = {https://dblp.org/rec/journals/corr/abs-2106-01350.bib},
  bibsource = {dblp computer science bibliography, https://dblp.org}
}

@inproceedings{hiims-kr21,
  author    = {Xuanxiang Huang and
               Yacine Izza and
               Alexey Ignatiev and
               Jo{\~{a}}o Marques{-}Silva},
  OPTeditor    = {Meghyn Bienvenu and
               Gerhard Lakemeyer and
               Esra Erdem},
  title     = {On Efficiently Explaining Graph-Based Classifiers},
  OPTbooktitle = {Proceedings of the 18th International Conference on Principles of
               Knowledge Representation and Reasoning, {KR} 2021, Online event, November
               3-12, 2021},
  booktitle = {KR},
  pages     = {356--367},
  year      = {2021},
  OPTurl       = {https://doi.org/10.24963/kr.2021/34},
  OPTdoi       = {10.24963/kr.2021/34},
  timestamp = {Wed, 03 Nov 2021 12:47:32 +0100},
  biburl    = {https://dblp.org/rec/conf/kr/HuangII021.bib},
  bibsource = {dblp computer science bibliography, https://dblp.org}
}

@inproceedings{hiims-kr21-OLD,
  author    = {Xuanxiang Huang and
               Yacine Izza and
               Alexey Ignatiev and
               Joao Marques{-}Silva},
  title     = {On Efficiently Explaining Graph-Based Classifiers},
  booktitle = {KR},
  OPTpages     = {},
  year      = {2021}
}

@inproceedings{cms-cp21,
  author    = {Martin C. Cooper and
               Jo{\~{a}}o Marques{-}Silva},
  editor    = {Laurent D. Michel},
  title     = {On the Tractability of Explaining Decisions of Classifiers},
  OPTbooktitle = {27th International Conference on Principles and Practice of Constraint
               Programming, {CP} 2021, Montpellier, France (Virtual Conference),
               October 25-29, 2021},
  booktitle = {CP},
  OPTseries    = {LIPIcs},
  OPTvolume    = {210},
  pages     = {21:1--21:18},
  OPTpublisher = {Schloss Dagstuhl - Leibniz-Zentrum f{\"{u}}r Informatik},
  year      = {2021},
  OPTurl       = {https://doi.org/10.4230/LIPIcs.CP.2021.21},
  OPTdoi       = {10.4230/LIPIcs.CP.2021.21},
  timestamp = {Wed, 03 Nov 2021 08:28:40 +0100},
  biburl    = {https://dblp.org/rec/conf/cp/CooperM21.bib},
  bibsource = {dblp computer science bibliography, https://dblp.org}
}

@inproceedings{ims-ijcai21,
  author    = {Yacine Izza and
               Joao Marques{-}Silva},
  OPTeditor    = {Zhi{-}Hua Zhou},
  title     = {On Explaining Random Forests with {SAT}},
  OPTbooktitle = {Proceedings of the Thirtieth International Joint Conference on Artificial
               Intelligence, {IJCAI} 2021, Virtual Event / Montreal, Canada, 19-27
               August 2021},
  booktitle = {IJCAI},
  pages     = {2584--2591},
  OPTpublisher = {ijcai.org},
  year      = {2021},
  OPTurl       = {https://doi.org/10.24963/ijcai.2021/356},
  OPTdoi       = {10.24963/ijcai.2021/356},
  timestamp = {Wed, 25 Aug 2021 17:11:16 +0200},
  biburl    = {https://dblp.org/rec/conf/ijcai/Izza021.bib},
  bibsource = {dblp computer science bibliography, https://dblp.org}
}

@inproceedings{imsns-ijcai21,
  author    = {Alexey Ignatiev and
               Jo{\~{a}}o Marques{-}Silva and
               Nina Narodytska and
               Peter J. Stuckey},
  OPTeditor    = {Zhi{-}Hua Zhou},
  title     = {Reasoning-Based Learning of Interpretable {ML} Models},
  OPTbooktitle = {Proceedings of the Thirtieth International Joint Conference on Artificial
               Intelligence, {IJCAI} 2021, Virtual Event / Montreal, Canada, 19-27
               August 2021},
  booktitle = {IJCAI},
  pages     = {4458--4465},
  OPTpublisher = {ijcai.org},
  year      = {2021},
  OPTurl       = {https://doi.org/10.24963/ijcai.2021/608},
  OPTdoi       = {10.24963/ijcai.2021/608},
  timestamp = {Wed, 25 Aug 2021 17:11:16 +0200},
  biburl    = {https://dblp.org/rec/conf/ijcai/Ignatiev0NS21.bib},
  bibsource = {dblp computer science bibliography, https://dblp.org}
}

@inproceedings{msgcin-icml21,
  author    = {Joao Marques{-}Silva and
               Thomas Gerspacher and
               Martin C. Cooper and
               Alexey Ignatiev and
               Nina Narodytska},
  OPTeditor    = {Marina Meila and
               Tong Zhang},
  title     = {Explanations for Monotonic Classifiers},
  OPTbooktitle = {Proceedings of the 38th International Conference on Machine Learning,
               {ICML} 2021, 18-24 July 2021, Virtual Event},
  booktitle = {ICML},
  OPTseries    = {Proceedings of Machine Learning Research},
  OPTvolume    = {139},
  pages     = {7469--7479},
  OPTpublisher = {{PMLR}},
  year      = {2021},
  OPTurl       = {http://proceedings.mlr.press/v139/marques-silva21a.html},
  timestamp = {Wed, 25 Aug 2021 17:11:17 +0200},
  biburl    = {https://dblp.org/rec/conf/icml/0001GCIN21.bib},
  bibsource = {dblp computer science bibliography, https://dblp.org}
}

@inproceedings{ims-sat21,
  author    = {Alexey Ignatiev and
               Joao Marques{-}Silva},
  OPTeditor    = {Chu{-}Min Li and
               Felip Many{\`{a}}},
  title     = {{SAT}-Based Rigorous Explanations for Decision Lists},
  OPTbooktitle = {Theory and Applications of Satisfiability Testing - {SAT} 2021 - 24th
               International Conference, Barcelona, Spain, July 5-9, 2021, Proceedings},
  booktitle = {SAT},
  OPTseries    = {Lecture Notes in Computer Science},
  OPTvolume    = {12831},
  pages     = {251--269},
  OPTpublisher = {Springer},
  year      = {2021},
  OPTurl       = {https://doi.org/10.1007/978-3-030-80223-3\_18},
  OPTdoi       = {10.1007/978-3-030-80223-3\_18},
  timestamp = {Wed, 21 Jul 2021 15:31:30 +0200},
  biburl    = {https://dblp.org/rec/conf/sat/IgnatievS21.bib},
  bibsource = {dblp computer science bibliography, https://dblp.org}
}

@article{iims-corr20,
  author    = {Yacine Izza and
               Alexey Ignatiev and
               Joao Marques{-}Silva},
  title     = {On Explaining Decision Trees},
  journal   = {CoRR},
  volume    = {abs/2010.11034},
  year      = {2020},
  url       = {https://arxiv.org/abs/2010.11034},
  eprinttype = {arXiv},
  eprint    = {2010.11034},
  timestamp = {Mon, 26 Oct 2020 15:39:44 +0100},
  biburl    = {https://dblp.org/rec/journals/corr/abs-2010-11034.bib},
  bibsource = {dblp computer science bibliography, https://dblp.org}
}

@inproceedings{inams-aiia20,
  author    = {Alexey Ignatiev and
               Nina Narodytska and
               Nicholas Asher and
               Joao Marques{-}Silva},
  OPTeditor    = {Matteo Baldoni and
               Stefania Bandini},
  title     = {From Contrastive to Abductive Explanations and Back Again},
  OPTbooktitle = {AIxIA 2020 - Advances in Artificial Intelligence - XIXth International
               Conference of the Italian Association for Artificial Intelligence,
               Virtual Event, November 25-27, 2020, Revised Selected Papers},
  booktitle = {AIxIA},
  OPTseries    = {Lecture Notes in Computer Science},
  OPTvolume    = {12414},
  pages     = {335--355},
  OPTpublisher = {Springer},
  year      = {2020},
  OPTurl       = {https://doi.org/10.1007/978-3-030-77091-4\_21},
  OPTdoi       = {10.1007/978-3-030-77091-4\_21},
  timestamp = {Tue, 15 Jun 2021 17:23:54 +0200},
  biburl    = {https://dblp.org/rec/conf/aiia/IgnatievNA020.bib},
  bibsource = {dblp computer science bibliography, https://dblp.org}
}

@inproceedings{msgcin-nips20,
  author    = {Joao Marques{-}Silva and
               Thomas Gerspacher and
               Martin C. Cooper and
               Alexey Ignatiev and
               Nina Narodytska},
  OPTeditor    = {Hugo Larochelle and
               Marc'Aurelio Ranzato and
               Raia Hadsell and
               Maria{-}Florina Balcan and
               Hsuan{-}Tien Lin},
  title     = {Explaining Naive Bayes and Other Linear Classifiers with Polynomial
               Time and Delay},
  OPTbooktitle = {Advances in Neural Information Processing Systems 33: Annual Conference
               on Neural Information Processing Systems 2020, NeurIPS 2020, December
               6-12, 2020, virtual},
  booktitle = {NeurIPS},
  year      = {2020},
  OPTurl       = {https://proceedings.neurips.cc/paper/2020/hash/eccd2a86bae4728b38627162ba297828-Abstract.html},
  timestamp = {Tue, 19 Jan 2021 15:57:25 +0100},
  biburl    = {https://dblp.org/rec/conf/nips/0001GCIN20.bib},
  bibsource = {dblp computer science bibliography, https://dblp.org}
}

@inproceedings{icshms-cp20,
  author    = {Alexey Ignatiev and
               Martin C. Cooper and
               Mohamed Siala and
               Emmanuel Hebrard and
               Joao Marques{-}Silva},
  OPTeditor    = {Helmut Simonis},
  title     = {Towards Formal Fairness in Machine Learning},
  OPTbooktitle = {Principles and Practice of Constraint Programming - 26th International
               Conference, {CP} 2020, Louvain-la-Neuve, Belgium, September 7-11,
               2020, Proceedings},
  booktitle = {CP},
  OPTseries    = {Lecture Notes in Computer Science},
  OPTvolume    = {12333},
  pages     = {846--867},
  OPTpublisher = {Springer},
  year      = {2020},
  OPTurl       = {https://doi.org/10.1007/978-3-030-58475-7\_49},
  OPTdoi       = {10.1007/978-3-030-58475-7\_49},
  timestamp = {Fri, 09 Apr 2021 18:53:27 +0200},
  biburl    = {https://dblp.org/rec/conf/cp/IgnatievCSHM20.bib},
  bibsource = {dblp computer science bibliography, https://dblp.org}
}

@article{inms-corr19,
  author    = {Alexey Ignatiev and
               Nina Narodytska and
               Jo{\~{a}}o Marques{-}Silva},
  title     = {On Validating, Repairing and Refining Heuristic {ML} Explanations},
  journal   = {CoRR},
  volume    = {abs/1907.02509},
  year      = {2019},
  url       = {http://arxiv.org/abs/1907.02509},
  archivePrefix = {arXiv},
  eprint    = {1907.02509},
  timestamp = {Mon, 24 Feb 2020 19:23:25 +0100},
  biburl    = {https://dblp.org/rec/journals/corr/abs-1907-02509.bib},
  bibsource = {dblp computer science bibliography, https://dblp.org}
}

@inproceedings{inms-nips19,
  author    = {Alexey Ignatiev and
               Nina Narodytska and
               Joao Marques{-}Silva},
  OPTeditor    = {Hanna M. Wallach and
               Hugo Larochelle and
               Alina Beygelzimer and
               Florence d'Alch{\'{e}}{-}Buc and
               Emily B. Fox and
               Roman Garnett},
  title     = {On Relating Explanations and Adversarial Examples},
  OPTbooktitle = {Advances in Neural Information Processing Systems 32: Annual Conference
               on Neural Information Processing Systems 2019, NeurIPS 2019, December
               8-14, 2019, Vancouver, BC, Canada},
  booktitle = {NeurIPS},
  pages     = {15857--15867},
  year      = {2019},
  OPTurl       = {https://proceedings.neurips.cc/paper/2019/hash/7392ea4ca76ad2fb4c9c3b6a5c6e31e3-Abstract.html},
  timestamp = {Thu, 21 Jan 2021 15:15:20 +0100},
  biburl    = {https://dblp.org/rec/conf/nips/IgnatievNM19.bib},
  bibsource = {dblp computer science bibliography, https://dblp.org}
}

@inproceedings{nsmims-sat19,
  author    = {Nina Narodytska and
               Aditya A. Shrotri and
               Kuldeep S. Meel and
               Alexey Ignatiev and
               Joao Marques{-}Silva},
  OPTeditor    = {Mikol{\'{a}}s Janota and
               In{\^{e}}s Lynce},
  title     = {Assessing Heuristic Machine Learning Explanations with Model Counting},
  OPTbooktitle = {Theory and Applications of Satisfiability Testing - {SAT} 2019 - 22nd
               International Conference, {SAT} 2019, Lisbon, Portugal, July 9-12,
               2019, Proceedings},
  booktitle = {SAT},
  OPTseries    = {Lecture Notes in Computer Science},
  OPTvolume    = {11628},
  pages     = {267--278},
  OPTpublisher = {Springer},
  year      = {2019},
  OPTurl       = {https://doi.org/10.1007/978-3-030-24258-9\_19},
  OPTdoi       = {10.1007/978-3-030-24258-9\_19},
  timestamp = {Mon, 24 Feb 2020 19:23:28 +0100},
  biburl    = {https://dblp.org/rec/conf/sat/NarodytskaSMIM19.bib},
  bibsource = {dblp computer science bibliography, https://dblp.org}
}

@inproceedings{inms-aaai19,
  author    = {Alexey Ignatiev and
               Nina Narodytska and
               Joao Marques{-}Silva},
  title     = {Abduction-Based Explanations for Machine Learning Models},
  OPTbooktitle = {The Thirty-Third {AAAI} Conference on Artificial Intelligence, {AAAI}
               2019, The Thirty-First Innovative Applications of Artificial Intelligence
               Conference, {IAAI} 2019, The Ninth {AAAI} Symposium on Educational
               Advances in Artificial Intelligence, {EAAI} 2019, Honolulu, Hawaii,
               USA, January 27 - February 1, 2019},
  booktitle = {AAAI},
  pages     = {1511--1519},
  OPTpublisher = {{AAAI} Press},
  year      = {2019},
  OPTurl       = {https://doi.org/10.1609/aaai.v33i01.33011511},
  OPTdoi       = {10.1609/aaai.v33i01.33011511},
  timestamp = {Fri, 27 Mar 2020 08:48:53 +0100},
  biburl    = {https://dblp.org/rec/conf/aaai/IgnatievNM19.bib},
  bibsource = {dblp computer science bibliography, https://dblp.org}
}

@inproceedings{imms-ecai16,
  author    = {Alexey Ignatiev and
               Ant{\'{o}}nio Morgado and
               Jo{\~{a}}o Marques{-}Silva},
  OPTeditor    = {Gal A. Kaminka and
               Maria Fox and
               Paolo Bouquet and
               Eyke H{\"{u}}llermeier and
               Virginia Dignum and
               Frank Dignum and
               Frank van Harmelen},
  title     = {Propositional Abduction with Implicit Hitting Sets},
  OPTbooktitle = {{ECAI} 2016 - 22nd European Conference on Artificial Intelligence,
               29 August-2 September 2016, The Hague, The Netherlands - Including
               Prestigious Applications of Artificial Intelligence {(PAIS} 2016)},
  OPTseries    = {Frontiers in Artificial Intelligence and Applications},
  OPTvolume    = {285},
  pages     = {1327--1335},
  OPTpublisher = {{IOS} Press},
  year      = {2016},
  OPTurl       = {https://doi.org/10.3233/978-1-61499-672-9-1327},
  OPTdoi       = {10.3233/978-1-61499-672-9-1327},
  timestamp = {Tue, 02 Nov 2021 15:59:05 +0100},
  biburl    = {https://dblp.org/rec/conf/ecai/IgnatievMM16.bib},
  bibsource = {dblp computer science bibliography, https://dblp.org}
}

@inproceedings{msimp-jelia16,
  author    = {Jo{\~{a}}o Marques{-}Silva and
               Alexey Ignatiev and
               Carlos Menc{\'{\i}}a and
               Rafael Pe{\~{n}}aloza},
  OPTeditor    = {Loizos Michael and
               Antonis C. Kakas},
  title     = {Efficient Reasoning for Inconsistent {H}orn Formulae},
  OPTbooktitle = {Logics in Artificial Intelligence - 15th European Conference, {JELIA}
               2016, Larnaca, Cyprus, November 9-11, 2016, Proceedings},
  booktitle = {JELIA},
  OPTseries    = {Lecture Notes in Computer Science},
  OPTvolume    = {10021},
  pages     = {336--352},
  year      = {2016},
  OPTurl       = {https://doi.org/10.1007/978-3-319-48758-8\_22},
  OPTdoi       = {10.1007/978-3-319-48758-8\_22},
  timestamp = {Mon, 24 Feb 2020 19:23:26 +0100},
  biburl    = {https://dblp.org/rec/conf/jelia/Marques-SilvaIM16.bib},
  bibsource = {dblp computer science bibliography, https://dblp.org}
}

@inproceedings{pimms-ijcai15,
  author    = {Alessandro Previti and
               Alexey Ignatiev and
               Ant{\'{o}}nio Morgado and
               Joao Marques{-}Silva},
  OPTeditor    = {Qiang Yang and
               Michael J. Wooldridge},
  title     = {Prime Compilation of Non-Clausal Formulae},
  OPTbooktitle = {Proceedings of the Twenty-Fourth International Joint Conference on
               Artificial Intelligence, {IJCAI} 2015, Buenos Aires, Argentina, July
               25-31, 2015},
  booktitle = {IJCAI},
  pages     = {1980--1988},
  OPTpublisher = {{AAAI} Press},
  year      = {2015},
  OPTurl       = {http://ijcai.org/Abstract/15/281},
  timestamp = {Mon, 24 Feb 2020 19:23:28 +0100},
  biburl    = {https://dblp.org/rec/conf/ijcai/PrevitiIMM15.bib},
  bibsource = {dblp computer science bibliography, https://dblp.org}
}

@inproceedings{mpms-ijcai15--XYZ,
  author    = {Carlos Menc{\'{\i}}a and
               Alessandro Previti and
               Jo{\~{a}}o Marques{-}Silva},
  editor    = {Qiang Yang and
               Michael J. Wooldridge},
  title     = {Literal-Based {MCS} Extraction},
  booktitle = {Proceedings of the Twenty-Fourth International Joint Conference on
               Artificial Intelligence, {IJCAI} 2015, Buenos Aires, Argentina, July
               25-31, 2015},
  pages     = {1973--1979},
  publisher = {{AAAI} Press},
  year      = {2015},
  url       = {http://ijcai.org/Abstract/15/280},
  timestamp = {Mon, 24 Feb 2020 19:23:28 +0100},
  biburl    = {https://dblp.org/rec/conf/ijcai/MenciaPM15.bib},
  bibsource = {dblp computer science bibliography, https://dblp.org}
}

@inproceedings{mipms-sat16,
  author    = {Carlos Menc{\'{\i}}a and
               Alexey Ignatiev and
               Alessandro Previti and
               Jo{\~{a}}o Marques{-}Silva},
  OPTeditor    = {Nadia Creignou and
               Daniel Le Berre},
  title     = {{MCS} Extraction with Sublinear Oracle Queries},
  OPTbooktitle = {Theory and Applications of Satisfiability Testing - {SAT} 2016 - 19th
               International Conference, Bordeaux, France, July 5-8, 2016, Proceedings},
  booktitle = {SAT},
  OPTseries    = {Lecture Notes in Computer Science},
  OPTvolume    = {9710},
  pages     = {342--360},
  OPTpublisher = {Springer},
  year      = {2016},
  OPTurl       = {https://doi.org/10.1007/978-3-319-40970-2\_21},
  OPTdoi       = {10.1007/978-3-319-40970-2\_21},
  timestamp = {Mon, 24 Feb 2020 19:23:27 +0100},
  biburl    = {https://dblp.org/rec/conf/sat/MenciaIPM16.bib},
  bibsource = {dblp computer science bibliography, https://dblp.org}
}

@inproceedings{amms-sat15,
  author    = {M. Fareed Arif and
               Carlos Menc{\'{\i}}a and
               Jo{\~{a}}o Marques{-}Silva},
  OPTeditor    = {Marijn Heule and
               Sean A. Weaver},
  title     = {Efficient {MUS} Enumeration of Horn Formulae with Applications to
               Axiom Pinpointing},
  OPTbooktitle = {Theory and Applications of Satisfiability Testing - {SAT} 2015 - 18th
               International Conference, Austin, TX, USA, September 24-27, 2015,
               Proceedings},
  booktitle = {SAT},
  OPTseries    = {Lecture Notes in Computer Science},
  OPTvolume    = {9340},
  pages     = {324--342},
  OPTpublisher = {Springer},
  year      = {2015},
  OPTurl       = {https://doi.org/10.1007/978-3-319-24318-4\_24},
  OPTdoi       = {10.1007/978-3-319-24318-4\_24},
  timestamp = {Mon, 24 Feb 2020 19:23:27 +0100},
  biburl    = {https://dblp.org/rec/conf/sat/ArifMM15.bib},
  bibsource = {dblp computer science bibliography, https://dblp.org}
}

@inproceedings{pms-aaai13,
  author    = {Alessandro Previti and
               Jo{\~{a}}o Marques{-}Silva},
  OPTeditor    = {Marie desJardins and
               Michael L. Littman},
  title     = {Partial {MUS} Enumeration},
  OPTbooktitle = {Proceedings of the Twenty-Seventh {AAAI} Conference on Artificial
               Intelligence, July 14-18, 2013, Bellevue, Washington, {USA}},
  booktitle = {AAAI},
  OPTpublisher = {{AAAI} Press},
  year      = {2013},
  OPTurl       = {http://www.aaai.org/ocs/index.php/AAAI/AAAI13/paper/view/6413},
  timestamp = {Wed, 10 Feb 2021 08:43:49 +0100},
  biburl    = {https://dblp.org/rec/conf/aaai/PrevitiM13.bib},
  bibsource = {dblp computer science bibliography, https://dblp.org}
}

@inproceedings{mshjpb-ijcai13-XYZ,
  author    = {Joao Marques{-}Silva and
               Federico Heras and
               Mikol{\'{a}}s Janota and
               Alessandro Previti and
               Anton Belov},
  title     = {On Computing Minimal Correction Subsets},
  OPTbooktitle = {{IJCAI} 2013, Proceedings of the 23rd International Joint Conference
               on Artificial Intelligence, Beijing, China, August 3-9, 2013},
  booktitle = {IJCAI},
  year      = {2013},
  pages     = {615-622},
  OPTcrossref  = {DBLP:conf/ijcai/2013},
  OPTurl       = {http://www.aaai.org/ocs/index.php/IJCAI/IJCAI13/paper/view/6922},
  timestamp = {Mon, 29 Sep 2014 20:48:07 +0200},
  biburl    = {http://dblp.uni-trier.de/rec/bib/conf/ijcai/Marques-SilvaHJPB13},
  bibsource = {dblp computer science bibliography, http://dblp.org}
}

@proceedings{DBLP:conf/ijcai/2013,
  editor    = {Francesca Rossi},
  title     = {{IJCAI} 2013, Proceedings of the 23rd International Joint Conference
               on Artificial Intelligence, Beijing, China, August 3-9, 2013},
  year      = {2013},
  publisher = {{IJCAI/AAAI}},
  isbn      = {978-1-57735-633-2},
  timestamp = {Mon, 29 Sep 2014 20:48:07 +0200},
  biburl    = {http://dblp.uni-trier.de/rec/bib/conf/ijcai/2013},
  bibsource = {dblp computer science bibliography, http://dblp.org}
}

@article{mhlpms-cj13,
  author    = {Ant{\'{o}}nio Morgado and
               Federico Heras and
               Mark H. Liffiton and
               Jordi Planes and
               Jo{\~{a}}o Marques{-}Silva},
  title     = {Iterative and core-guided MaxSAT solving: {A} survey and assessment},
  journal   = {Constraints An Int. J.},
  volume    = {18},
  number    = {4},
  pages     = {478--534},
  year      = {2013},
  OPTurl       = {https://doi.org/10.1007/s10601-013-9146-2},
  OPTdoi       = {10.1007/s10601-013-9146-2},
  timestamp = {Fri, 13 Mar 2020 10:58:27 +0100},
  biburl    = {https://dblp.org/rec/journals/constraints/MorgadoHLPM13.bib},
  bibsource = {dblp computer science bibliography, https://dblp.org}
}

@article{mss-tcomp99,
  author    = {Joao Marques-Silva and
               Karem A. Sakallah},
  title     = {{GRASP:} {A} Search Algorithm for Propositional Satisfiability},
  journal   = {{IEEE} Trans. Computers},
  volume    = {48},
  number    = {5},
  pages     = {506--521},
  year      = {1999},
  url       = {https://doi.org/10.1109/12.769433},
  OPTdoi       = {10.1109/12.769433},
  timestamp = {Wed, 14 Nov 2018 10:48:33 +0100},
  biburl    = {https://dblp.org/rec/journals/tc/Marques-SilvaS99.bib},
  bibsource = {dblp computer science bibliography, https://dblp.org}
}

@inproceedings{mss-iccad96,
  author    = {Joao Marques-Silva and
               Karem A. Sakallah},
  editor    = {Rob A. Rutenbar and
               Ralph H. J. M. Otten},
  title     = {{GRASP} - a new search algorithm for satisfiability},
  OPTbooktitle = {Proceedings of the 1996 {IEEE/ACM} International Conference on Computer-Aided
               Design, {ICCAD} 1996, San Jose, CA, USA, November 10-14, 1996},
  booktitle = {ICCAD},
  pages     = {220--227},
  OPTpublisher = {{IEEE} Computer Society / {ACM}},
  year      = {1996},
  OPTurl       = {https://doi.org/10.1109/ICCAD.1996.569607},
  OPTdoi       = {10.1109/ICCAD.1996.569607},
  timestamp = {Wed, 16 Oct 2019 14:14:49 +0200},
  biburl    = {https://dblp.org/rec/conf/iccad/SilvaS96.bib},
  bibsource = {dblp computer science bibliography, https://dblp.org}
}
