@inproceedings{korovin-ijcar08,
  author    = {Konstantin Korovin},
  OPTeditor    = {Alessandro Armando and
               Peter Baumgartner and
               Gilles Dowek},
  title     = {{iProver} - An Instantiation-Based Theorem Prover for First-Order Logic
               (System Description)},
  OPTbooktitle = {Automated Reasoning, 4th International Joint Conference, {IJCAR} 2008,
               Sydney, Australia, August 12-15, 2008, Proceedings},
  booktitle = {IJCAR},
  OPTseries    = {Lecture Notes in Computer Science},
  OPTvolume    = {5195},
  pages     = {292--298},
  OPTpublisher = {Springer},
  year      = {2008},
  OPTurl       = {https://doi.org/10.1007/978-3-540-71070-7\_24},
  OPTdoi       = {10.1007/978-3-540-71070-7\_24},
  timestamp = {Tue, 14 May 2019 10:00:39 +0200},
  biburl    = {https://dblp.org/rec/conf/cade/Korovin08.bib},
  bibsource = {dblp computer science bibliography, https://dblp.org}
}

@inproceedings{korovin-lics03,
  author    = {Harald Ganzinger and
               Konstantin Korovin},
  title     = {New Directions in Instantiation-Based Theorem Proving},
  OPTbooktitle = {18th {IEEE} Symposium on Logic in Computer Science {(LICS} 2003),
               22-25 June 2003, Ottawa, Canada, Proceedings},
  booktitle = {LICS},
  pages     = {55--64},
  OPTpublisher = {{IEEE} Computer Society},
  year      = {2003},
  OPTurl       = {https://doi.org/10.1109/LICS.2003.1210045},
  OPTdoi       = {10.1109/LICS.2003.1210045},
  timestamp = {Wed, 16 Oct 2019 14:14:54 +0200},
  biburl    = {https://dblp.org/rec/conf/lics/GanzingerK03.bib},
  bibsource = {dblp computer science bibliography, https://dblp.org}
}

@inproceedings{voronkov-cav14,
  author    = {Andrei Voronkov},
  title     = {{AVATAR:} The Architecture for First-Order Theorem Provers},
  OPTbooktitle = {Computer Aided Verification - 26th International Conference, {CAV}
               2014, Held as Part of the Vienna Summer of Logic, {VSL} 2014, Vienna,
               Austria, July 18-22, 2014. Proceedings},
  booktitle = {CAV},
  pages     = {696--710},
  year      = {2014},
  OPTcrossref  = {DBLP:conf/cav/2014},
  OPTurl       = {https://doi.org/10.1007/978-3-319-08867-9\_46},
  OPTdoi       = {10.1007/978-3-319-08867-9\_46},
  timestamp = {Wed, 03 Oct 2018 12:55:01 +0200},
  biburl    = {https://dblp.org/rec/bib/conf/cav/Voronkov14},
  bibsource = {dblp computer science bibliography, https://dblp.org}
}
@proceedings{DBLP:conf/cav/2014,
  editor    = {Armin Biere and
               Roderick Bloem},
  title     = {Computer Aided Verification - 26th International Conference, {CAV}
               2014, Held as Part of the Vienna Summer of Logic, {VSL} 2014, Vienna,
               Austria, July 18-22, 2014. Proceedings},
  series    = {Lecture Notes in Computer Science},
  volume    = {8559},
  publisher = {Springer},
  year      = {2014},
  url       = {https://doi.org/10.1007/978-3-319-08867-9},
  doi       = {10.1007/978-3-319-08867-9},
  isbn      = {978-3-319-08866-2},
  timestamp = {Thu, 25 May 2017 00:39:07 +0200},
  biburl    = {https://dblp.org/rec/bib/conf/cav/2014},
  bibsource = {dblp computer science bibliography, https://dblp.org}
}

@inproceedings{voronkov-cav13,
  author    = {Laura Kov{\'{a}}cs and
               Andrei Voronkov},
  title     = {First-Order Theorem Proving and Vampire},
  OPTbooktitle = {Computer Aided Verification - 25th International Conference, {CAV}
               2013, Saint Petersburg, Russia, July 13-19, 2013. Proceedings},
  booktitle = {CAV},
  pages     = {1--35},
  year      = {2013},
  OPTcrossref  = {DBLP:conf/cav/2013},
  OPTurl       = {https://doi.org/10.1007/978-3-642-39799-8\_1},
  OPTdoi       = {10.1007/978-3-642-39799-8\_1},
  timestamp = {Wed, 03 Oct 2018 12:55:03 +0200},
  biburl    = {https://dblp.org/rec/bib/conf/cav/KovacsV13},
  bibsource = {dblp computer science bibliography, https://dblp.org}
}

@book{schaub-bk12,
  author    = {Martin Gebser and
               Roland Kaminski and
               Benjamin Kaufmann and
               Torsten Schaub},
  title     = {Answer Set Solving in Practice},
  series    = {Synthesis Lectures on Artificial Intelligence and Machine Learning},
  publisher = {Morgan {\&} Claypool Publishers},
  year      = {2012}
}

@article{stuckey-cj09,
  author    = {Olga Ohrimenko and
               Peter J. Stuckey and
               Michael Codish},
  title     = {Propagation via lazy clause generation},
  journal   = {Constraints},
  volume    = {14},
  number    = {3},
  pages     = {357--391},
  year      = {2009},
  url       = {https://doi.org/10.1007/s10601-008-9064-x},
  doi       = {10.1007/s10601-008-9064-x},
  timestamp = {Fri, 30 Nov 2018 13:29:02 +0100},
  biburl    = {https://dblp.org/rec/bib/journals/constraints/OhrimenkoSC09},
  bibsource = {dblp computer science bibliography, https://dblp.org}
}

@inproceedings{gupta-nips16,
  author    = {Mahdi Milani Fard and
               Kevin Robert Canini and
               Andrew Cotter and
               Jan Pfeifer and
               Maya R. Gupta},
  OPTeditor    = {Daniel D. Lee and
               Masashi Sugiyama and
               Ulrike von Luxburg and
               Isabelle Guyon and
               Roman Garnett},
  title     = {Fast and Flexible Monotonic Functions with Ensembles of Lattices},
  OPTbooktitle = {Advances in Neural Information Processing Systems 29: Annual Conference
               on Neural Information Processing Systems 2016, December 5-10, 2016,
               Barcelona, Spain},
  booktitle = {NeurIPS},
  pages     = {2919--2927},
  year      = {2016},
  OPTurl       = {https://proceedings.neurips.cc/paper/2016/hash/c913303f392ffc643f7240b180602652-Abstract.html},
  timestamp = {Mon, 16 May 2022 15:41:51 +0200},
  biburl    = {https://dblp.org/rec/conf/nips/FardCCPG16.bib},
  bibsource = {dblp computer science bibliography, https://dblp.org}
}

@inproceedings{gupta-nips17,
  author    = {Seungil You and
               David Ding and
               Kevin Robert Canini and
               Jan Pfeifer and
               Maya R. Gupta},
  OPTeditor    = {Isabelle Guyon and
               Ulrike von Luxburg and
               Samy Bengio and
               Hanna M. Wallach and
               Rob Fergus and
               S. V. N. Vishwanathan and
               Roman Garnett},
  title     = {Deep Lattice Networks and Partial Monotonic Functions},
  OPTbooktitle = {Advances in Neural Information Processing Systems 30: Annual Conference
               on Neural Information Processing Systems 2017, December 4-9, 2017,
               Long Beach, CA, {USA}},
  booktitle = {NeurIPS},
  pages     = {2981--2989},
  year      = {2017},
  OPTurl       = {https://proceedings.neurips.cc/paper/2017/hash/464d828b85b0bed98e80ade0a5c43b0f-Abstract.html},
  timestamp = {Thu, 21 Jan 2021 15:15:21 +0100},
  biburl    = {https://dblp.org/rec/conf/nips/YouDCPG17.bib},
  bibsource = {dblp computer science bibliography, https://dblp.org}
}

@inproceedings{vandenbroeck-nips20,
  author    = {Aishwarya Sivaraman and
               Golnoosh Farnadi and
               Todd D. Millstein and
               Guy Van den Broeck},
  OPTeditor    = {Hugo Larochelle and
               Marc'Aurelio Ranzato and
               Raia Hadsell and
               Maria{-}Florina Balcan and
               Hsuan{-}Tien Lin},
  title     = {Counterexample-Guided Learning of Monotonic Neural Networks},
  OPTbooktitle = {Advances in Neural Information Processing Systems 33: Annual Conference
               on Neural Information Processing Systems 2020, NeurIPS 2020, December
               6-12, 2020, virtual},
  booktitle = {NeurIPS},
  year      = {2020},
  OPTurl       = {https://proceedings.neurips.cc/paper/2020/hash/8ab70731b1553f17c11a3bbc87e0b605-Abstract.html},
  timestamp = {Tue, 19 Jan 2021 15:57:02 +0100},
  biburl    = {https://dblp.org/rec/conf/nips/SivaramanFMB20.bib},
  bibsource = {dblp computer science bibliography, https://dblp.org}
}

@inproceedings{lin-nips20,
  author    = {Xingchao Liu and
               Xing Han and
               Na Zhang and
               Qiang Liu},
  OPTeditor    = {Hugo Larochelle and
               Marc'Aurelio Ranzato and
               Raia Hadsell and
               Maria{-}Florina Balcan and
               Hsuan{-}Tien Lin},
  title     = {Certified Monotonic Neural Networks},
  OPTbooktitle = {Advances in Neural Information Processing Systems 33: Annual Conference
               on Neural Information Processing Systems 2020, NeurIPS 2020, December
               6-12, 2020, virtual},
  booktitle = {NeurIPS},
  year      = {2020},
  OPTurl       = {https://proceedings.neurips.cc/paper/2020/hash/b139aeda1c2914e3b579aafd3ceeb1bd-Abstract.html},
  timestamp = {Tue, 19 Jan 2021 15:57:04 +0100},
  biburl    = {https://dblp.org/rec/conf/nips/LiuHZ020.bib},
  bibsource = {dblp computer science bibliography, https://dblp.org}
}

@article{bixby-or02,
  author    = {Robert E. Bixby},
  title     = {Solving Real-World Linear Programs: {A} Decade and More of Progress},
  journal   = {Oper. Res.},
  volume    = {50},
  number    = {1},
  pages     = {3--15},
  year      = {2002},
  url       = {https://doi.org/10.1287/opre.50.1.3.17780},
  OPTdoi       = {10.1287/opre.50.1.3.17780},
  timestamp = {Tue, 31 Mar 2020 18:16:33 +0200},
  biburl    = {https://dblp.org/rec/journals/ior/Bixby02.bib},
  bibsource = {dblp computer science bibliography, https://dblp.org}
}

@article{bixby-aor07,
  author    = {Robert E. Bixby and
               Edward Rothberg},
  title     = {Progress in computational mixed integer programming - {A} look back
               from the other side of the tipping point},
  journal   = {Ann. Oper. Res.},
  volume    = {149},
  number    = {1},
  pages     = {37--41},
  year      = {2007},
  url       = {https://doi.org/10.1007/s10479-006-0091-y},
  OPTdoi       = {10.1007/s10479-006-0091-y},
  timestamp = {Thu, 13 Aug 2020 12:39:19 +0200},
  biburl    = {https://dblp.org/rec/journals/anor/BixbyR07.bib},
  bibsource = {dblp computer science bibliography, https://dblp.org}
}
@article{berthold-eurojco22,
  title={Progress in mathematical programming solvers from 2001 to 2020},
  author={Koch, Thorsten and Berthold, Timo and Pedersen, Jaap and Vanaret, Charlie},
  journal={EURO Journal on Computational Optimization},
  pages={100031},
  year={2022},
  publisher={Elsevier}
}

@article{kumar-jsms17,
  title={A comparative analysis of optimization solvers},
  author={Anand, Rimmi and Aggarwal, Divya and Kumar, Vijay},
  journal={Journal of Statistics and Management Systems},
  volume={20},
  number={4},
  pages={623--635},
  year={2017},
  publisher={Taylor \& Francis}
}

@book{coq-bk04,
  author    = {Yves Bertot and
               Pierre Cast{\'{e}}ran},
  title     = {Interactive Theorem Proving and Program Development - Coq'Art: The
               Calculus of Inductive Constructions},
  series    = {Texts in Theoretical Computer Science. An {EATCS} Series},
  publisher = {Springer},
  year      = {2004},
  url       = {https://doi.org/10.1007/978-3-662-07964-5},
  OPTdoi       = {10.1007/978-3-662-07964-5},
  isbn      = {978-3-642-05880-6},
  timestamp = {Tue, 16 May 2017 14:24:38 +0200},
  biburl    = {https://dblp.org/rec/series/txtcs/BertotC04.bib},
  bibsource = {dblp computer science bibliography, https://dblp.org}
}

@article{routledge-beq22,
  title={Why a right to an explanation of algorithmic decision-making should exist: A trust-based approach},
  author={Kim, Tae Wan and Routledge, Bryan R},
  journal={Business Ethics Quarterly},
  volume={32},
  number={1},
  pages={75--102},
  year={2022},
  publisher={Cambridge University Press}
}

@inproceedings{hoffmann-ijcai22,
  author    = {Rebecca Eifler and
               Jeremy Frank and
               J{\"{o}}rg Hoffmann},
  OPTeditor    = {Luc De Raedt},
  title     = {Explaining Soft-Goal Conflicts through Constraint Relaxations},
  OPTbooktitle = {Proceedings of the Thirty-First International Joint Conference on
               Artificial Intelligence, {IJCAI} 2022, Vienna, Austria, 23-29 July
               2022},
  booktitle = {IJCAI},
  pages     = {4621--4627},
  OPTpublisher = {ijcai.org},
  year      = {2022},
  url       = {https://doi.org/10.24963/ijcai.2022/641},
  OPTdoi       = {10.24963/ijcai.2022/641},
  timestamp = {Wed, 27 Jul 2022 16:43:00 +0200},
  biburl    = {https://dblp.org/rec/conf/ijcai/EiflerF022.bib},
  bibsource = {dblp computer science bibliography, https://dblp.org}
}

@inproceedings{kambhampati-iclr22,
  author    = {Sarath Sreedharan and
               Utkarsh Soni and
               Mudit Verma and
               Siddharth Srivastava and
               Subbarao Kambhampati},
  title     = {Bridging the Gap: Providing Post-Hoc Symbolic Explanations for Sequential
               Decision-Making Problems with Inscrutable Representations},
  OPTbooktitle = {The Tenth International Conference on Learning Representations, {ICLR}
               2022, Virtual Event, April 25-29, 2022},
  booktitle = {ICLR},
  OPTpublisher = {OpenReview.net},
  year      = {2022},
  OPTurl       = {https://openreview.net/forum?id=o-1v9hdSult},
  timestamp = {Sat, 20 Aug 2022 01:15:42 +0200},
  biburl    = {https://dblp.org/rec/conf/iclr/SreedharanSVSK22.bib},
  bibsource = {dblp computer science bibliography, https://dblp.org}
}

@article{magazzeni-jair22,
  author    = {Stylianos Loukas Vasileiou and
               William Yeoh and
               Tran Cao Son and
               Ashwin Kumar and
               Michael Cashmore and
               Daniele Magazzeni},
  title     = {A Logic-Based Explanation Generation Framework for Classical and Hybrid
               Planning Problems},
  journal   = {J. Artif. Intell. Res.},
  volume    = {73},
  pages     = {1473--1534},
  year      = {2022},
  url       = {https://doi.org/10.1613/jair.1.13431},
  OPTdoi       = {10.1613/jair.1.13431},
  timestamp = {Thu, 12 May 2022 17:22:36 +0200},
  biburl    = {https://dblp.org/rec/journals/jair/VasileiouYSKCM22.bib},
  bibsource = {dblp computer science bibliography, https://dblp.org}
}

@article{gent-corr21,
  author    = {Joan Espasa and
               Ian P. Gent and
               Ruth Hoffmann and
               Christopher Jefferson and
               Alice M. Lynch},
  title     = {Using Small {MUSes} to Explain How to Solve Pen and Paper Puzzles},
  journal   = {CoRR},
  volume    = {abs/2104.15040},
  year      = {2021},
  url       = {https://arxiv.org/abs/2104.15040},
  eprinttype = {arXiv},
  eprint    = {2104.15040},
  timestamp = {Tue, 04 May 2021 15:12:43 +0200},
  biburl    = {https://dblp.org/rec/journals/corr/abs-2104-15040.bib},
  bibsource = {dblp computer science bibliography, https://dblp.org}
}

@inproceedings{guns-ijcai21,
  author    = {Emilio Gamba and
               Bart Bogaerts and
               Tias Guns},
  OPTeditor    = {Zhi{-}Hua Zhou},
  title     = {Efficiently Explaining {CSPs} with Unsatisfiable Subset Optimization},
  OPTbooktitle = {Proceedings of the Thirtieth International Joint Conference on Artificial
               Intelligence, {IJCAI} 2021, Virtual Event / Montreal, Canada, 19-27
               August 2021},
  booktitle = {IJCAI},
  pages     = {1381--1388},
  OPTpublisher = {ijcai.org},
  year      = {2021},
  OPTurl       = {https://doi.org/10.24963/ijcai.2021/191},
  OPTdoi       = {10.24963/ijcai.2021/191},
  timestamp = {Mon, 03 Jan 2022 22:38:54 +0100},
  biburl    = {https://dblp.org/rec/conf/ijcai/Gamba0G21.bib},
  bibsource = {dblp computer science bibliography, https://dblp.org}
}

@inproceedings{osullivan-ijcai21,
  author    = {Sharmi Dev Gupta and
               Begum Genc and
               Barry O'Sullivan},
  OPTeditor    = {Zhi{-}Hua Zhou},
  title     = {Explanation in Constraint Satisfaction: {A} Survey},
  OPTbooktitle = {Proceedings of the Thirtieth International Joint Conference on Artificial
               Intelligence, {IJCAI} 2021, Virtual Event / Montreal, Canada, 19-27
               August 2021},
  booktitle = {ICJAI},
  pages     = {4400--4407},
  OPTpublisher = {ijcai.org},
  year      = {2021},
  OPTurl       = {https://doi.org/10.24963/ijcai.2021/601},
  OPTdoi       = {10.24963/ijcai.2021/601},
  timestamp = {Wed, 25 Aug 2021 17:11:16 +0200},
  biburl    = {https://dblp.org/rec/conf/ijcai/GuptaGO21.bib},
  bibsource = {dblp computer science bibliography, https://dblp.org}
}

@article{kambhampati-aij21a,
  author    = {Sarath Sreedharan and
               Tathagata Chakraborti and
               Subbarao Kambhampati},
  title     = {Foundations of explanations as model reconciliation},
  journal   = {Artif. Intell.},
  volume    = {301},
  pages     = {103558},
  year      = {2021},
  url       = {https://doi.org/10.1016/j.artint.2021.103558},
  OPTdoi       = {10.1016/j.artint.2021.103558},
  timestamp = {Wed, 15 Dec 2021 10:32:27 +0100},
  biburl    = {https://dblp.org/rec/journals/ai/SreedharanCK21.bib},
  bibsource = {dblp computer science bibliography, https://dblp.org}
}

@article{kambhampati-aij21b,
  author    = {Sarath Sreedharan and
               Siddharth Srivastava and
               Subbarao Kambhampati},
  title     = {Using state abstractions to compute personalized contrastive explanations
               for {AI} agent behavior},
  journal   = {Artif. Intell.},
  volume    = {301},
  pages     = {103570},
  year      = {2021},
  url       = {https://doi.org/10.1016/j.artint.2021.103570},
  OPTdoi       = {10.1016/j.artint.2021.103570},
  timestamp = {Wed, 15 Dec 2021 10:32:27 +0100},
  biburl    = {https://dblp.org/rec/journals/ai/SreedharanSK21.bib},
  bibsource = {dblp computer science bibliography, https://dblp.org}
}

@article{guns-aij21,
  author    = {Bart Bogaerts and
               Emilio Gamba and
               Tias Guns},
  title     = {A framework for step-wise explaining how to solve constraint satisfaction
               problems},
  journal   = {Artif. Intell.},
  volume    = {300},
  pages     = {103550},
  year      = {2021},
  url       = {https://doi.org/10.1016/j.artint.2021.103550},
  OPTdoi       = {10.1016/j.artint.2021.103550},
  timestamp = {Tue, 05 Oct 2021 10:02:52 +0200},
  biburl    = {https://dblp.org/rec/journals/ai/BogaertsGG21.bib},
  bibsource = {dblp computer science bibliography, https://dblp.org}
}

@article{magazzeni-jair21,
  author    = {Benjamin Krarup and
               Senka Krivic and
               Daniele Magazzeni and
               Derek Long and
               Michael Cashmore and
               David E. Smith},
  title     = {Contrastive Explanations of Plans through Model Restrictions},
  journal   = {J. Artif. Intell. Res.},
  volume    = {72},
  pages     = {533--612},
  year      = {2021},
  url       = {https://doi.org/10.1613/jair.1.12813},
  OPTdoi       = {10.1613/jair.1.12813},
  timestamp = {Sat, 09 Apr 2022 12:33:10 +0200},
  biburl    = {https://dblp.org/rec/journals/jair/KrarupKMLC021.bib},
  bibsource = {dblp computer science bibliography, https://dblp.org}
}

@inproceedings{kambhampati-ijcai20,
  author    = {Tathagata Chakraborti and
               Sarath Sreedharan and
               Subbarao Kambhampati},
  OPTeditor    = {Christian Bessiere},
  title     = {The Emerging Landscape of Explainable Automated Planning {\&}
               Decision Making},
  OPTbooktitle = {Proceedings of the Twenty-Ninth International Joint Conference on
               Artificial Intelligence, {IJCAI} 2020},
  booktitle = {IJCAI},
  pages     = {4803--4811},
  OPTpublisher = {ijcai.org},
  year      = {2020},
  OPTurl       = {https://doi.org/10.24963/ijcai.2020/669},
  OPTdoi       = {10.24963/ijcai.2020/669},
  timestamp = {Fri, 25 Dec 2020 01:15:12 +0100},
  biburl    = {https://dblp.org/rec/conf/ijcai/ChakrabortiSK20.bib},
  bibsource = {dblp computer science bibliography, https://dblp.org}
}

@inproceedings{hoffmann-aaai20,
  author    = {Rebecca Eifler and
               Michael Cashmore and
               J{\"{o}}rg Hoffmann and
               Daniele Magazzeni and
               Marcel Steinmetz},
  title     = {A New Approach to Plan-Space Explanation: Analyzing Plan-Property
               Dependencies in Oversubscription Planning},
  OPTbooktitle = {The Thirty-Fourth {AAAI} Conference on Artificial Intelligence, {AAAI}
               2020, The Thirty-Second Innovative Applications of Artificial Intelligence
               Conference, {IAAI} 2020, The Tenth {AAAI} Symposium on Educational
               Advances in Artificial Intelligence, {EAAI} 2020, New York, NY, USA,
               February 7-12, 2020},
  booktitle = {AAAI},
  pages     = {9818--9826},
  OPTpublisher = {{AAAI} Press},
  year      = {2020},
  OPTurl       = {https://ojs.aaai.org/index.php/AAAI/article/view/6534},
  timestamp = {Mon, 07 Mar 2022 16:57:48 +0100},
  biburl    = {https://dblp.org/rec/conf/aaai/EiflerC0MS20.bib},
  bibsource = {dblp computer science bibliography, https://dblp.org}
}

@inproceedings{hoffmann-rw19,
  author    = {J{\"{o}}rg Hoffmann and
               Daniele Magazzeni},
  editor    = {Markus Kr{\"{o}}tzsch and
               Daria Stepanova},
  title     = {Explainable {AI} Planning {(XAIP):} Overview and the Case of Contrastive
               Explanation (Extended Abstract)},
  OPTbooktitle = {Reasoning Web. Explainable Artificial Intelligence - 15th International
               Summer School 2019, Bolzano, Italy, September 20-24, 2019, Tutorial
               Lectures},
  booktitle = {RW},
  OPTseries    = {Lecture Notes in Computer Science},
  OPTvolume    = {11810},
  pages     = {277--282},
  OPTpublisher = {Springer},
  year      = {2019},
  OPTurl       = {https://doi.org/10.1007/978-3-030-31423-1\_9},
  OPTdoi       = {10.1007/978-3-030-31423-1\_9},
  timestamp = {Fri, 25 Dec 2020 01:15:13 +0100},
  biburl    = {https://dblp.org/rec/conf/rweb/HoffmannM19.bib},
  bibsource = {dblp computer science bibliography, https://dblp.org}
}

@inproceedings{kambhampati-ijcai19,
  author    = {Sarath Sreedharan and
               Siddharth Srivastava and
               David E. Smith and
               Subbarao Kambhampati},
  OPTeditor    = {Sarit Kraus},
  title     = {Why Can't You Do That HAL? Explaining Unsolvability of Planning Tasks},
  OPTbooktitle = {Proceedings of the Twenty-Eighth International Joint Conference on
               Artificial Intelligence, {IJCAI} 2019, Macao, China, August 10-16,
               2019},
  booktitle = {IJCAI},
  pages     = {1422--1430},
  OPTpublisher = {ijcai.org},
  year      = {2019},
  OPTurl       = {https://doi.org/10.24963/ijcai.2019/197},
  OPTdoi       = {10.24963/ijcai.2019/197},
  timestamp = {Tue, 19 Nov 2019 08:03:24 +0100},
  biburl    = {https://dblp.org/rec/conf/ijcai/SreedharanSSK19.bib},
  bibsource = {dblp computer science bibliography, https://dblp.org}
}

@article{weld-cacm19,
  author    = {Daniel S. Weld and
               Gagan Bansal},
  title     = {The challenge of crafting intelligible intelligence},
  journal   = {Commun. {ACM}},
  volume    = {62},
  number    = {6},
  pages     = {70--79},
  year      = {2019},
  url       = {https://doi.org/10.1145/3282486},
  OPTdoi       = {10.1145/3282486},
  timestamp = {Tue, 04 Jun 2019 15:14:10 +0200},
  biburl    = {https://dblp.org/rec/journals/cacm/WeldB19.bib},
  bibsource = {dblp computer science bibliography, https://dblp.org}
}

@article{fox-corr17,
  author    = {Maria Fox and
               Derek Long and
               Daniele Magazzeni},
  title     = {Explainable Planning},
  journal   = {CoRR},
  volume    = {abs/1709.10256},
  year      = {2017},
  url       = {http://arxiv.org/abs/1709.10256},
  eprinttype = {arXiv},
  eprint    = {1709.10256},
  timestamp = {Tue, 02 Nov 2021 15:59:05 +0100},
  biburl    = {https://dblp.org/rec/journals/corr/abs-1709-10256.bib},
  bibsource = {dblp computer science bibliography, https://dblp.org}
}

@inproceedings{nordstrom-aaai21,
  author    = {Stephan Gocht and
               Jakob Nordstr{\"{o}}m},
  title     = {Certifying Parity Reasoning Efficiently Using Pseudo-Boolean Proofs},
  OPTbooktitle = {Thirty-Fifth {AAAI} Conference on Artificial Intelligence, {AAAI}
               2021, Thirty-Third Conference on Innovative Applications of Artificial
               Intelligence, {IAAI} 2021, The Eleventh Symposium on Educational Advances
               in Artificial Intelligence, {EAAI} 2021, Virtual Event, February 2-9,
               2021},
  booktitle = {AAAI},
  pages     = {3768--3777},
  OPTpublisher = {{AAAI} Press},
  year      = {2021},
  OPTurl       = {https://ojs.aaai.org/index.php/AAAI/article/view/16494},
  timestamp = {Wed, 02 Jun 2021 18:09:11 +0200},
  biburl    = {https://dblp.org/rec/conf/aaai/GochtN21.bib},
  bibsource = {dblp computer science bibliography, https://dblp.org}
}

@inproceedings{nordstrom-cp20,
  author    = {Stephan Gocht and
               Ross McBride and
               Ciaran McCreesh and
               Jakob Nordstr{\"{o}}m and
               Patrick Prosser and
               James Trimble},
  OPTeditor    = {Helmut Simonis},
  title     = {Certifying Solvers for Clique and Maximum Common (Connected) Subgraph
               Problems},
  OPTbooktitle = {Principles and Practice of Constraint Programming - 26th International
               Conference, {CP} 2020, Louvain-la-Neuve, Belgium, September 7-11,
               2020, Proceedings},
  booktitle = {CP},
  OPTseries    = {Lecture Notes in Computer Science},
  OPTvolume    = {12333},
  pages     = {338--357},
  OPTpublisher = {Springer},
  year      = {2020},
  OPTurl       = {https://doi.org/10.1007/978-3-030-58475-7\_20},
  OPTdoi       = {10.1007/978-3-030-58475-7\_20},
  timestamp = {Sat, 19 Sep 2020 13:19:46 +0200},
  biburl    = {https://dblp.org/rec/conf/cp/GochtMMNPT20.bib},
  bibsource = {dblp computer science bibliography, https://dblp.org}
}

@inproceedings{nordstrom-ijcai20,
  author    = {Stephan Gocht and
               Ciaran McCreesh and
               Jakob Nordstr{\"{o}}m},
  OPTeditor    = {Christian Bessiere},
  title     = {Subgraph Isomorphism Meets Cutting Planes: Solving With Certified
               Solutions},
  OPTbooktitle = {Proceedings of the Twenty-Ninth International Joint Conference on
               Artificial Intelligence, {IJCAI} 2020},
  booktitle = {IJCAI},
  pages     = {1134--1140},
  OPTpublisher = {ijcai.org},
  year      = {2020},
  OPTurl       = {https://doi.org/10.24963/ijcai.2020/158},
  OPTdoi       = {10.24963/ijcai.2020/158},
  timestamp = {Mon, 20 Jul 2020 12:38:52 +0200},
  biburl    = {https://dblp.org/rec/conf/ijcai/GochtMN20.bib},
  bibsource = {dblp computer science bibliography, https://dblp.org}
}

@inproceedings{nordstrom-aaai20,
  author    = {Jan Elffers and
               Stephan Gocht and
               Ciaran McCreesh and
               Jakob Nordstr{\"{o}}m},
  title     = {Justifying All Differences Using Pseudo-Boolean Reasoning},
  OPTbooktitle = {The Thirty-Fourth {AAAI} Conference on Artificial Intelligence, {AAAI}
               2020, The Thirty-Second Innovative Applications of Artificial Intelligence
               Conference, {IAAI} 2020, The Tenth {AAAI} Symposium on Educational
               Advances in Artificial Intelligence, {EAAI} 2020, New York, NY, USA,
               February 7-12, 2020},
  booktitle = {AAAI},
  pages     = {1486--1494},
  OPTpublisher = {{AAAI} Press},
  year      = {2020},
  OPTurl       = {https://aaai.org/ojs/index.php/AAAI/article/view/5507},
  timestamp = {Tue, 02 Feb 2021 08:00:50 +0100},
  biburl    = {https://dblp.org/rec/conf/aaai/ElffersGMN20.bib},
  bibsource = {dblp computer science bibliography, https://dblp.org}
}

@article{cfmssk-jar19,
  author    = {Lu{\'{\i}}s Cruz{-}Filipe and
               Jo{\~{a}}o Marques{-}Silva and
               Peter Schneider{-}Kamp},
  title     = {Formally Verifying the Solution to the Boolean Pythagorean Triples
               Problem},
  journal   = {J. Autom. Reason.},
  volume    = {63},
  number    = {3},
  pages     = {695--722},
  year      = {2019},
  url       = {https://doi.org/10.1007/s10817-018-9490-4},
  OPTdoi       = {10.1007/s10817-018-9490-4},
  timestamp = {Wed, 02 Sep 2020 13:29:58 +0200},
  biburl    = {https://dblp.org/rec/journals/jar/Cruz-FilipeMS19.bib},
  bibsource = {dblp computer science bibliography, https://dblp.org}
}

@inproceedings{heule-aaai18,
  author    = {Marijn J. H. Heule},
  OPTeditor    = {Sheila A. McIlraith and
               Kilian Q. Weinberger},
  title     = {Schur Number Five},
  OPTbooktitle = {Proceedings of the Thirty-Second {AAAI} Conference on Artificial Intelligence,
               (AAAI-18), the 30th innovative Applications of Artificial Intelligence
               (IAAI-18), and the 8th {AAAI} Symposium on Educational Advances in
               Artificial Intelligence (EAAI-18), New Orleans, Louisiana, USA, February
               2-7, 2018},
  booktitle = {AAAI},
  pages     = {6598--6606},
  OPTpublisher = {{AAAI} Press},
  year      = {2018},
  OPTurl       = {https://www.aaai.org/ocs/index.php/AAAI/AAAI18/paper/view/16952},
  timestamp = {Thu, 18 Feb 2021 14:22:23 +0100},
  biburl    = {https://dblp.org/rec/conf/aaai/Heule18.bib},
  bibsource = {dblp computer science bibliography, https://dblp.org}
}

@inproceedings{cfmssk-tacas17,
  author    = {Lu{\'{\i}}s Cruz{-}Filipe and
               Jo{\~{a}}o Marques{-}Silva and
               Peter Schneider{-}Kamp},
  OPTeditor    = {Axel Legay and
               Tiziana Margaria},
  title     = {Efficient Certified Resolution Proof Checking},
  OPTbooktitle = {Tools and Algorithms for the Construction and Analysis of Systems
               - 23rd International Conference, {TACAS} 2017, Held as Part of the
               European Joint Conferences on Theory and Practice of Software, {ETAPS}
               2017, Uppsala, Sweden, April 22-29, 2017, Proceedings, Part {I}},
  booktitle = {TACAS},
  OPTseries    = {Lecture Notes in Computer Science},
  OPTvolume    = {10205},
  pages     = {118--135},
  year      = {2017},
  OPTurl       = {https://doi.org/10.1007/978-3-662-54577-5\_7},
  dOPToi       = {10.1007/978-3-662-54577-5\_7},
  timestamp = {Mon, 24 Feb 2020 19:23:26 +0100},
  biburl    = {https://dblp.org/rec/conf/tacas/Cruz-FilipeMS17.bib},
  bibsource = {dblp computer science bibliography, https://dblp.org}
}

@article{heule-cacm17,
  author    = {Marijn J. H. Heule and
               Oliver Kullmann},
  title     = {The science of brute force},
  journal   = {Commun. {ACM}},
  volume    = {60},
  number    = {8},
  pages     = {70--79},
  year      = {2017},
  url       = {https://doi.org/10.1145/3107239},
  OPTdoi       = {10.1145/3107239},
  timestamp = {Fri, 09 Apr 2021 18:23:22 +0200},
  biburl    = {https://dblp.org/rec/journals/cacm/HeuleK17.bib},
  bibsource = {dblp computer science bibliography, https://dblp.org}
}

@article{weber-jal09,
  author    = {Tjark Weber and
               Hasan Amjad},
  title     = {Efficiently checking propositional refutations in {HOL} theorem provers},
  journal   = {J. Applied Logic},
  volume    = {7},
  number    = {1},
  pages     = {26--40},
  year      = {2009},
  url       = {https://doi.org/10.1016/j.jal.2007.07.003},
  OPTdoi       = {10.1016/j.jal.2007.07.003},
  timestamp = {Thu, 18 May 2017 09:54:11 +0200},
  biburl    = {http://dblp.uni-trier.de/rec/bib/journals/japll/WeberA09},
  bibsource = {dblp computer science bibliography, http://dblp.org}
}

@inproceedings{mehlhorn-cav11,
  author    = {Eyad Alkassar and
               Sascha B{\"{o}}hme and
               Kurt Mehlhorn and
               Christine Rizkallah},
  OPTeditor    = {Ganesh Gopalakrishnan and
               Shaz Qadeer},
  title     = {Verification of Certifying Computations},
  OPTbooktitle = {Computer Aided Verification - 23rd International Conference, {CAV}
               2011, Snowbird, UT, USA, July 14-20, 2011. Proceedings},
  booktitle = {CAV},
  OPTseries    = {Lecture Notes in Computer Science},
  OPTvolume    = {6806},
  pages     = {67--82},
  OPTpublisher = {Springer},
  year      = {2011},
  OPTurl       = {https://doi.org/10.1007/978-3-642-22110-1\_7},
  OPTdoi       = {10.1007/978-3-642-22110-1\_7},
  timestamp = {Tue, 14 May 2019 10:00:43 +0200},
  biburl    = {https://dblp.org/rec/conf/cav/AlkassarBMR11.bib},
  bibsource = {dblp computer science bibliography, https://dblp.org}
}

@article{mehlhorn-csr11,
  author    = {Ross M. McConnell and
               Kurt Mehlhorn and
               Stefan N{\"{a}}her and
               Pascal Schweitzer},
  title     = {Certifying algorithms},
  journal   = {Comput. Sci. Rev.},
  volume    = {5},
  number    = {2},
  pages     = {119--161},
  year      = {2011},
  url       = {https://doi.org/10.1016/j.cosrev.2010.09.009},
  OPTdoi       = {10.1016/j.cosrev.2010.09.009},
  timestamp = {Thu, 20 Feb 2020 11:37:03 +0100},
  biburl    = {https://dblp.org/rec/journals/csr/McConnellMNS11.bib},
  bibsource = {dblp computer science bibliography, https://dblp.org}
}

@inproceedings{dfms-ictac10,
  author    = {Ashish Darbari and
               Bernd Fischer and
               Jo{\~{a}}o Marques{-}Silva},
  OPTeditor    = {Ana Cavalcanti and
               David D{\'{e}}harbe and
               Marie{-}Claude Gaudel and
               Jim Woodcock},
  title     = {Industrial-Strength Certified {SAT} Solving through Verified {SAT}
               Proof Checking},
  OPTbooktitle = {Theoretical Aspects of Computing - {ICTAC} 2010, 7th International
               Colloquium, Natal, Rio Grande do Norte, Brazil, September 1-3, 2010.
               Proceedings},
  booktitle = {ICTAC},
  OPTseries    = {Lecture Notes in Computer Science},
  OPTvolume    = {6255},
  pages     = {260--274},
  OPTpublisher = {Springer},
  year      = {2010},
  OPTurl       = {https://doi.org/10.1007/978-3-642-14808-8\_18},
  OPTdoi       = {10.1007/978-3-642-14808-8\_18},
  timestamp = {Mon, 24 Feb 2020 19:23:26 +0100},
  biburl    = {https://dblp.org/rec/conf/ictac/DarbariFM10.bib},
  bibsource = {dblp computer science bibliography, https://dblp.org}
}

@article{mehlhorn-jar14,
  author    = {Eyad Alkassar and
               Sascha B{\"{o}}hme and
               Kurt Mehlhorn and
               Christine Rizkallah},
  title     = {A Framework for the Verification of Certifying Computations},
  journal   = {J. Autom. Reasoning},
  volume    = {52},
  number    = {3},
  pages     = {241--273},
  year      = {2014},
  url       = {https://doi.org/10.1007/s10817-013-9289-2},
  OPTdoi       = {10.1007/s10817-013-9289-2},
  timestamp = {Sat, 20 May 2017 00:22:31 +0200},
  biburl    = {http://dblp.uni-trier.de/rec/bib/journals/jar/AlkassarBMR14},
  bibsource = {dblp computer science bibliography, http://dblp.org}
}

@inproceedings{jms-sat11,
  author    = {Mikol{\'{a}}s Janota and
               Joao Marques-Silva},
  OPTeditor    = {Karem A. Sakallah and
               Laurent Simon},
  title     = {Abstraction-Based Algorithm for {2QBF}},
  OPTbooktitle = {Theory and Applications of Satisfiability Testing - {SAT} 2011 - 14th
               International Conference, {SAT} 2011, Ann Arbor, MI, USA, June 19-22,
               2011. Proceedings},
  booktitle = {SAT},
  OPTseries    = {Lecture Notes in Computer Science},
  OPTvolume    = {6695},
  pages     = {230--244},
  OPTpublisher = {Springer},
  year      = {2011},
  OPTurl       = {https://doi.org/10.1007/978-3-642-21581-0\_19},
  OPTdoi       = {10.1007/978-3-642-21581-0\_19},
  timestamp = {Wed, 25 Sep 2019 18:19:24 +0200},
  biburl    = {https://dblp.org/rec/conf/sat/JanotaS11.bib},
  bibsource = {dblp computer science bibliography, https://dblp.org}
}

@inproceedings{jms-ijcai15,
  author    = {Mikol{\'{a}}s Janota and
               Jo{\~{a}}o Marques{-}Silva},
  OPTeditor    = {Qiang Yang and
               Michael J. Wooldridge},
  title     = {Solving {QBF} by Clause Selection},
  OPTbooktitle = {Proceedings of the Twenty-Fourth International Joint Conference on
               Artificial Intelligence, {IJCAI} 2015, Buenos Aires, Argentina, July
               25-31, 2015},
  booktitle = {IJCAI},
  pages     = {325--331},
  OPTpublisher = {{AAAI} Press},
  year      = {2015},
  OPTurl       = {http://ijcai.org/Abstract/15/052},
  timestamp = {Mon, 24 Feb 2020 19:23:28 +0100},
  biburl    = {https://dblp.org/rec/conf/ijcai/JanotaM15.bib},
  bibsource = {dblp computer science bibliography, https://dblp.org}
}

@article{jkmsc-aij16,
  author    = {Mikol{\'{a}}s Janota and
               William Klieber and
               Jo{\~{a}}o Marques{-}Silva and
               Edmund M. Clarke},
  title     = {Solving {QBF} with counterexample guided refinement},
  journal   = {Artif. Intell.},
  volume    = {234},
  pages     = {1--25},
  year      = {2016},
  url       = {https://doi.org/10.1016/j.artint.2016.01.004},
  OPTdoi       = {10.1016/j.artint.2016.01.004},
  timestamp = {Mon, 24 Feb 2020 19:23:26 +0100},
  biburl    = {https://dblp.org/rec/journals/ai/JanotaKMC16.bib},
  bibsource = {dblp computer science bibliography, https://dblp.org}
}

@inproceedings{rabe-fmcad15,
  author    = {Markus N. Rabe and
               Leander Tentrup},
  OPTeditor    = {Roope Kaivola and
               Thomas Wahl},
  title     = {{CAQE:} {A} Certifying {QBF} Solver},
  OPTbooktitle = {Formal Methods in Computer-Aided Design, {FMCAD} 2015, Austin, Texas,
               USA, September 27-30, 2015},
  booktitle = {FMCAD},
  pages     = {136--143},
  OPTpublisher = {{IEEE}},
  year      = {2015},
  timestamp = {Thu, 07 Jan 2016 15:57:52 +0100},
  biburl    = {https://dblp.org/rec/conf/fmcad/RabeT15.bib},
  bibsource = {dblp computer science bibliography, https://dblp.org}
}

@inproceedings{rabe-sat16,
  author    = {Markus N. Rabe and
               Sanjit A. Seshia},
  OPTeditor    = {Nadia Creignou and
               Daniel Le Berre},
  title     = {Incremental Determinization},
  OPTbooktitle = {Theory and Applications of Satisfiability Testing - {SAT} 2016 - 19th
               International Conference, Bordeaux, France, July 5-8, 2016, Proceedings},
  booktitle = {SAT},
  OPTseries    = {Lecture Notes in Computer Science},
  OPTvolume    = {9710},
  pages     = {375--392},
  OPTpublisher = {Springer},
  year      = {2016},
  OPTurl       = {https://doi.org/10.1007/978-3-319-40970-2\_23},
  OPTdoi       = {10.1007/978-3-319-40970-2\_23},
  timestamp = {Tue, 14 May 2019 10:00:41 +0200},
  biburl    = {https://dblp.org/rec/conf/sat/RabeS16.bib},
  bibsource = {dblp computer science bibliography, https://dblp.org}
}

@article{codish-jair14,
  author    = {Amit Metodi and
               Roni Stern and
               Meir Kalech and
               Michael Codish},
  title     = {A Novel {SAT}-Based Approach to Model Based Diagnosis},
  journal   = {J. Artif. Intell. Res.},
  volume    = {51},
  pages     = {377--411},
  year      = {2014},
  url       = {https://doi.org/10.1613/jair.4503},
  OPTdoi       = {10.1613/jair.4503},
  timestamp = {Mon, 21 Jan 2019 15:01:17 +0100},
  biburl    = {https://dblp.org/rec/journals/jair/MetodiSKC14.bib},
  bibsource = {dblp computer science bibliography, https://dblp.org}
}

@inproceedings{msjim-ijcai15-XYZ,
  author    = {Jo{\~{a}}o Marques{-}Silva and
               Mikol{\'{a}}s Janota and
               Alexey Ignatiev and
               Ant{\'{o}}nio Morgado},
  OPTeditor    = {Qiang Yang and
               Michael J. Wooldridge},
  title     = {Efficient Model Based Diagnosis with Maximum Satisfiability},
  OPTbooktitle = {Proceedings of the Twenty-Fourth International Joint Conference on
               Artificial Intelligence, {IJCAI} 2015, Buenos Aires, Argentina, July
               25-31, 2015},
  booktitle = {IJCAI},
  pages     = {1966--1972},
  OPTpublisher = {{AAAI} Press},
  year      = {2015},
  OPTurl       = {http://ijcai.org/Abstract/15/279},
  timestamp = {Mon, 24 Feb 2020 19:23:28 +0100},
  biburl    = {https://dblp.org/rec/conf/ijcai/Marques-SilvaJI15.bib},
  bibsource = {dblp computer science bibliography, https://dblp.org}
}

@inproceedings{DBLP:conf/ijcai/IgnatievMWM19,
  author    = {Alexey Ignatiev and
               Ant{\'{o}}nio Morgado and
               Georg Weissenbacher and
               Jo{\~{a}}o Marques{-}Silva},
  editor    = {Sarit Kraus},
  title     = {Model-Based Diagnosis with Multiple Observations},
  booktitle = {Proceedings of the Twenty-Eighth International Joint Conference on
               Artificial Intelligence, {IJCAI} 2019, Macao, China, August 10-16,
               2019},
  pages     = {1108--1115},
  publisher = {ijcai.org},
  year      = {2019},
  url       = {https://doi.org/10.24963/ijcai.2019/155},
  doi       = {10.24963/ijcai.2019/155},
  timestamp = {Fri, 09 Apr 2021 18:53:50 +0200},
  biburl    = {https://dblp.org/rec/conf/ijcai/IgnatievMWM19.bib},
  bibsource = {dblp computer science bibliography, https://dblp.org}
}

@Misc{zdnet07,
  OPTkey =       {},
  author =    {Colin Barker},
  title =     {The top 10 {IT} disasters of all time},
  howpublished = {\url{https://www.zdnet.com/article/the-top-10-it-disasters-of-all-time/}},
  OPTmonth =     {},
  year =      {2007},
  OPTnote =      {},
  OPTannote =    {}
}

@Misc{wired05,
  OPTkey =       {},
  author =    {Simson Garfinkel},
  title =     {History's Worst Software Bugs},
  howpublished = {\url{https://www.wired.com/2005/11/historys-worst-software-bugs/}},
  OPTmonth =     {},
  year =      {2005},
  OPTnote =      {},
  OPTannote =    {}
}

@article{mcquaid-jsep12,
  author    = {Patricia A. McQuaid},
  title     = {Software disasters - understanding the past, to improve the future},
  journal   = {J. Softw. Evol. Process.},
  volume    = {24},
  number    = {5},
  pages     = {459--470},
  year      = {2012},
  url       = {https://doi.org/10.1002/smr.500},
  OPTdoi       = {10.1002/smr.500},
  timestamp = {Fri, 06 Mar 2020 21:54:32 +0100},
  biburl    = {https://dblp.org/rec/journals/smr/McQuaid12.bib},
  bibsource = {dblp computer science bibliography, https://dblp.org}
}

@Misc{newscientist13,
  OPTkey =       {},
  author =    {Sally Adee},
  title =     {Bad bugs: The worst disasters caused by software fails},
  howpublished = {\url{https://www.newscientist.com/gallery/software-bugs/}},
  OPTmonth =     {},
  year =      {2013},
  OPTnote =      {},
  OPTannote =    {}
}

@Misc{medium19,
  OPTkey =       {},
  author =    {Keri Savoca},
  title =     {When Software Kills},
  howpublished = {\url{https://medium.com/swlh/when-software-kills-ab6f48a15825}},
  OPTmonth =     {},
  year =      {2019},
  OPTnote =      {},
  OPTannote =    {}
}

@Misc{arstech18,
  OPTkey =       {},
  author =    {Timothy B. Lee},
  title =     {Report: Software bug led to death in {U}ber's self-driving crash},
  howpublished = {\url{https://arstechnica.com/tech-policy/2018/05/report-software-bug-led-to-death-in-ubers-self-driving-crash/}},
  OPTmonth =     {},
  year =      {2018},
  OPTnote =      {},
  OPTannote =    {}
}

@Misc{pingd09,
  OPTkey =       {},
  OPTauthor =    {},
  title =     {},
  howpublished = {\url{https://www.pingdom.com/blog/10-historical-software-bugs-with-extreme-consequences/}},
  OPTmonth =     {},
  year =      {2009},
  OPTnote =      {},
  OPTannote =    {}
}

