
@inproceedings{IzzaISM24,
  author       = {Yacine Izza and
                  Alexey Ignatiev and
                  Peter J. Stuckey and
                  Jo{\~{a}}o Marques{-}Silva},
  editor       = {Michael J. Wooldridge and
                  Jennifer G. Dy and
                  Sriraam Natarajan},
  title        = {Delivering Inflated Explanations},
  booktitle    = {Thirty-Eighth {AAAI} Conference on Artificial Intelligence, {AAAI}
                  2024, Thirty-Sixth Conference on Innovative Applications of Artificial
                  Intelligence, {IAAI} 2024, Fourteenth Symposium on Educational Advances
                  in Artificial Intelligence, {EAAI} 2014, February 20-27, 2024, Vancouver,
                  Canada},
  pages        = {12744--12753},
  publisher    = {{AAAI} Press},
  year         = {2024}
}

@inproceedings{HuangMS23,
  author       = {Xuanxiang Huang and
                  Jo{\~{a}}o Marques{-}Silva},
  editor       = {Kobi Gal and
                  Ann Now{\'{e}} and
                  Grzegorz J. Nalepa and
                  Roy Fairstein and
                  Roxana Radulescu},
  title        = {From Decision Trees to Explained Decision Sets},
  booktitle    = {{ECAI} 2023 - 26th European Conference on Artificial Intelligence,
                  September 30 - October 4, 2023, Krak{\'{o}}w, Poland - Including
                  12th Conference on Prestigious Applications of Intelligent Systems
                  {(PAIS} 2023)},
  series       = {Frontiers in Artificial Intelligence and Applications},
  volume       = {372},
  pages        = {1100--1108},
  publisher    = {{IOS} Press},
  year         = {2023},
}

@article{CooperMS23,
  title   = {Tractability of explaining classifier decisions},
  author  = {Martin C. Cooper and Jo√£o Marques-Silva},
  journal = {Artificial Intelligence},
  volume  = {316},
  pages   = {103841},
  year    = {2023},
  issn    = {0004-3702}
}

@article{MarquesSilvaI23,
  author       = {Jo{\~{a}}o Marques{-}Silva and
                  Alexey Ignatiev},
  title        = {No silver bullet: interpretable {ML} models must be explained},
  journal      = {Frontiers Artif. Intell.},
  volume       = {6},
  year         = {2023}
}

@inproceedings{Audemard23,
  title     = {Computing Abductive Explanations for Boosted Regression Trees},
  author    = {Audemard, Gilles and Bellart, Steve and Lagniez, Jean-Marie and Marquis, Pierre},
  booktitle = {Proceedings of the Thirty-Second International Joint Conference on
               Artificial Intelligence, {IJCAI-23}},
  publisher = {International Joint Conferences on Artificial Intelligence Organization},
  editor    = {Edith Elkind},
  pages     = {3432--3441},
  year      = {2023},
  month     = {8}
}

@article{izza-jair-22,
  author    = {Yacine Izza and
               Alexey Ignatiev and
               Jo{\~{a}}o Marques{-}Silva},
  title     = {On Tackling Explanation Redundancy in Decision Trees},
  journal   = {J. Artif. Intell. Res.},
  volume    = {75},
  pages     = {261--321},
  year      = {2022},
  url       = {https://doi.org/10.1613/jair.1.13575},
  doi       = {10.1613/JAIR.1.13575},
  timestamp = {Tue, 07 May 2024 20:25:29 +0200},
  biburl    = {https://dblp.org/rec/journals/jair/IzzaIM22.bib},
  bibsource = {dblp computer science bibliography, https://dblp.org}
}

@inproceedings{IgnatievS21,
  author    = {Alexey Ignatiev and
               Jo{\~{a}}o Marques{-}Silva},
  editor    = {Chu{-}Min Li and
               Felip Many{\`{a}}},
  title     = {{SAT}-Based Rigorous Explanations for Decision Lists},
  booktitle = {Theory and Applications of Satisfiability Testing - {SAT} 2021 - 24th
               International Conference, Barcelona, Spain, July 5-9, 2021, Proceedings},
  series    = {Lecture Notes in Computer Science},
  volume    = {12831},
  pages     = {251--269},
  publisher = {Springer},
  year      = {2021}
}

@inproceedings{MarquesSilvaGCIN21,
  author    = {Jo{\~{a}}o Marques{-}Silva and
               Thomas Gerspacher and
               Martin C. Cooper and
               Alexey Ignatiev and
               Nina Narodytska},
  editor    = {Marina Meila and
               Tong Zhang},
  title     = {Explanations for Monotonic Classifiers},
  booktitle = {Proceedings of the 38th International Conference on Machine Learning,
               {ICML} 2021, 18-24 July 2021, Virtual Event},
  series    = {Proceedings of Machine Learning Research},
  volume    = {139},
  pages     = {7469--7479},
  publisher = {{PMLR}},
  year      = {2021}
}



@inproceedings{IgnatievNA020,
  author    = {Alexey Ignatiev and
               Nina Narodytska and
               Nicholas Asher and
               Jo{\~{a}}o Marques{-}Silva},
  editor    = {Matteo Baldoni and
               Stefania Bandini},
  title     = {From Contrastive to Abductive Explanations and Back Again},
  booktitle = {AIxIA 2020 - Advances in Artificial Intelligence - XIXth International
               Conference of the Italian Association for Artificial Intelligence,
               Virtual Event, November 25-27, 2020, Revised Selected Papers},
  series    = {Lecture Notes in Computer Science},
  volume    = {12414},
  pages     = {335--355},
  publisher = {Springer},
  year      = {2020}
}

@inproceedings{MSGCIN20,
  author       = {Jo{\~{a}}o Marques{-}Silva and
                  Thomas Gerspacher and
                  Martin C. Cooper and
                  Alexey Ignatiev and
                  Nina Narodytska},
  editor       = {Hugo Larochelle and
                  Marc'Aurelio Ranzato and
                  Raia Hadsell and
                  Maria{-}Florina Balcan and
                  Hsuan{-}Tien Lin},
  title        = {Explaining Naive Bayes and Other Linear Classifiers with Polynomial
                  Time and Delay},
  booktitle    = {Advances in Neural Information Processing Systems 33: Annual Conference
                  on Neural Information Processing Systems 2020, NeurIPS 2020, December
                  6-12, 2020, virtual},
  year         = {2020}
 }

@inproceedings{18-Ignatiev,
  author    = {Alexey Ignatiev and
               Filipe Pereira and
               Nina Narodytska and
               Jo{\~{a}}o Marques{-}Silva},
  editor    = {Didier Galmiche and
               Stephan Schulz and
               Roberto Sebastiani},
  title     = {A {SAT}-Based Approach to Learn Explainable Decision Sets},
  booktitle = {Automated Reasoning - 9th International Joint Conference, {IJCAR}
               2018, Held as Part of the Federated Logic Conference, FloC 2018, Oxford,
               UK, July 14-17, 2018, Proceedings},
  series    = {Lecture Notes in Computer Science},
  volume    = {10900},
  pages     = {627--645},
  publisher = {Springer},
  year      = {2018}
}

@inproceedings{LiffitonM13,
  author    = {Mark H. Liffiton and
               Ammar Malik},
  editor    = {Carla P. Gomes and
               Meinolf Sellmann},
  title     = {Enumerating Infeasibility: Finding Multiple MUSes Quickly},
  booktitle = {Integration of {AI} and {OR} Techniques in Constraint Programming
               for Combinatorial Optimization Problems, 10th International Conference,
               {CPAIOR} 2013, Yorktown Heights, NY, USA, May 18-22, 2013. Proceedings},
  series    = {Lecture Notes in Computer Science},
  volume    = {7874},
  pages     = {160--175},
  year      = {2013},
  publisher = {Springer}
}
